3568 5472
342 434 387 501 20
745 517 750 527 Ι
844 454 891 500 Ιο.
918 451 1047 500 oanax.

343 575 489 641 historiis
508 575 721 661 superstitum
741 573 921 655 continent,
943 573 1069 640 medius
1085 574 1174 639 inter
1197 574 1279 640 alios
1298 575 1440 661 Appiani
1465 575 1568 642 libros

342 681 408 757 hic,
430 683 486 767 qui
511 681 666 749 'Aculeus
685 683 825 770 ,ΙΙαρθικά
844 682 1022 768 inscriptus
1041 681 1102 762 est,
1129 681 1151 746 i.
1176 700 1204 747 e.
1226 681 1567 766 Appe‘oniHa'atom'o

342 790 530 856 Parthico.
546 789 705 855 Eumdem
721 789 842 855 librum
863 788 1006 855 etvetus
1025 789 1186 874 interpres
1201 789 1239 854 P.
1261 787 1440 872 Candidus,
1463 790 1497 856 et
1511 781 1567 874 qui

343 897 469 983 primus
498 917 614 984 graece
632 898 819 984 Appianum
847 897 951 963 edidit
969 896 1044 964 Car.
1067 896 1264 983 Stephanus,
1285 906 1466 981 rursusque
1484 896 1569 961 alter
1610 893 1613 902 '

344 1003 506 1090 interpres
520 1005 617 1091 longe
631 1005 738 1091 priore
754 1004 881 1071 doctior
893 1005 1103 1091 sagaciorque
1116 1003 1248 1090 Sigism.
1264 1003 1428 1084 Gelenius,
1445 1002 1569 1087 absque

343 1112 413 1177 ulla
428 1112 637 1204 dubitationis
657 1110 895 1199 significatione
914 1111 956 1178 ad
972 1111 1160 1198 Appianum
1179 1113 1345 1180 auctorem
1364 1109 1565 1178 retulerunt.

131 1211 135 1219 ’
189 1199 217 1210 ”
343 1221 417 1286 Jam
445 1220 578 1286 minime
603 1219 736 1304 quidem
761 1220 794 1286 id
823 1221 943 1287 mirum
973 1219 1078 1287 videri
1104 1219 1231 1299 debuit,
1250 1220 1346 1304 «qaod
1372 1219 1406 1283 in
1433 1216 1568 1302 reliquis

343 1327 486 1413 Appiani
505 1328 634 1413 scriptis
649 1326 688 1392 ad
704 1327 928 1393 Romanorum
946 1326 1119 1392 historiam
1134 1325 1375 1413 pertinentibus
1389 1325 1567 1391 Parthico

344 1436 444 1500 etiam
457 1436 621 1502 Historia
635 1435 852 1523 reperiretur;
870 1435 1024 1520 quoniam
1041 1435 1115 1521 plus
1130 1435 1229 1500 semel
1248 1434 1439 1499 Parthicam
1456 1431 1569 1496 Histo-

342 1543 427 1608 riam
452 1543 648 1629 promiserat
676 1543 854 1630 Appianas,
883 1542 916 1608 et
940 1541 981 1609 ad
990 1548 1072 1625 ,bam
1091 1541 1302 1631 ablegaverat
1321 1560 1397 1606 suos
1415 1540 1565 1606 lectores

343 1648 405 1716 Sed
421 1649 549 1717 libellus
571 1651 644 1730 iste,
671 1651 728 1736 qui
751 1670 827 1716 eum
845 1670 941 1735 quem
961 1649 1029 1715 dixi
1048 1649 1185 1716 titulum
1204 1670 1283 1736 prae
1304 1669 1337 1715 se
1355 1647 1493 1728 ferebat,
1520 1647 1568 1712 ita

343 1776 477 1842 prorsus
495 1759 529 1824 et
547 1777 566 1822 a
585 1757 672 1844 stylo
685 1758 850 1844 Appiani,
880 1758 1019 1843 excepto
1044 1756 1139 1824 brevi
1159 1747 1308 1837 introita,
1338 1757 1371 1822 et
1398 1775 1418 1821 a
1440 1756 1568 1839 reliqua

342 1864 481 1945 ratione,
495 1884 560 1949 qua
574 1864 764 1930 constanter
778 1865 812 1928 in
828 1864 902 1930 aliis
917 1864 1010 1931 libris
1025 1885 1105 1932 usus
1120 1863 1174 1931 hic
1188 1863 1328 1950 scriptor
1342 1863 1403 1944 est,
1417 1861 1568 1928 abhorre·

344 1969 412 2051 bat,
443 1971 563 2037 utnon
588 1972 697 2058 posset
721 1992 785 2037 non
811 1992 901 2052 mox,
929 1992 971 2037 ex
997 1992 1062 2056 quo
1090 1971 1178 2059 typis
1202 1970 1379 2057 evulgatus
1402 1970 1488 2036 esset
1512 1969 1568 2036 ille

342 2077 483 2161 libellus,
514 2079 662 2165 suspicio
682 2078 808 2146 fraudis
836 2061 961 2146 oboriri
990 2078 1096 2146 doctis
1126 2098 1165 2146 ac
1201 2078 1301 2166 paulo
1332 2076 1567 2144 attentioribus

343 2185 485 2273 Appiani
511 2185 700 2252 lectoribus.
734 2209 752 2250 a
786 2187 919 2252 Primus
952 2185 1082 2272 quidem
1111 2207 1183 2253 cum
1212 2185 1363 2253 fraudem
1392 2184 1568 2253 detexisset

342 2291 528 2359 Guilelmus
538 2292 709 2380 Xylander
724 2293 891 2379 (intellege
906 2293 1116 2375 Holtzmann,
1129 2293 1205 2359 ortu
1221 2293 1420 2378 civitateque
1435 2292 1566 2380 Augus-

342 2401 485 2484 tanum),
517 2397 662 2466 monuit¹
694 2406 848 2467 «totana
870 2401 1068 2467 Plutarchi
1085 2401 1337 2468 narrationem
1365 2401 1409 2466 de
1440 2399 1567 2466 Crasse

342 2507 429 2574 bello
438 2508 608 2576 P'urtbioo
624 2509 914 2592 interamnensi
924 2508 1073 2576 verbam
1086 2509 1216 2593 pernae,
1228 2507 1385 2601 Appiani
1393 2507 1566 2574 Parthico

344 2614 434 2681 libro
449 2635 525 2681 csse
539 2617 728 2695 insertam,
747 2634 817 2681 aon
832 2617 1010 2682 mlaorem
1028 2634 1110 2682 eona
1122 2619 1257 2700 septem
1270 2616 1419 2701 popinis
1439 2636 1457 2678 u
1477 2612 1563 2698 (scil.

342 2721 491 2788 editionis
515 2723 590 2790 Car.
612 2720 781 2808 Stephani,
803 2723 836 2788 in
858 2741 923 2808 qua
937 2722 1027 2789 totus
1047 2722 1131 2789 liber
1154 2723 1302 2789 nonnisi
1322 2722 1403 2788 XXI
1428 2721 1566 2808 paginas

341 2829 551 2916 complebat).
572 2829 724 2895 Ceterum
754 2849 797 2894 ex
822 2850 859 2895 eo
884 2829 969 2915 quod
994 2831 1230 2926 grammaticus
1249 2829 1381 2915 quidam
1411 2829 1565 2916 Souper-

341 2939 528 3003 monearis
552 2935 656 3003 dictus
687 2938 836 3022 interque
864 2938 1076 3004 immanuelis
1105 2938 1237 3004 Bekker
1263 2937 1447 3003 Aaccdoto
1474 2935 1514 3022 (t.
1537 2937 1562 3016 l,

340 3065 372 3131 p.
397 3045 458 3111 ll7
484 3045 550 3129 sq.)
575 3044 685 3110 editus
711 3045 798 3111 hunc
821 3029 927 3130 ipsum
949 3045 1107 3126 libellum,
1129 3046 1185 3131 qui
1213 3043 1254 3110 ad
1270 3043 1436 3130 Xylandri
1460 3062 1565 3128 usquo

339 3152 487 3238 tempora
514 3172 573 3238 pro
602 3152 744 3239 Appiani
767 3151 930 3220 Parthicis
958 3153 1058 3240 vulgo
1085 3152 1219 3218 habitas
1253 3151 1315 3232 est,
1347 3151 1388 3216 ad
1425 3149 1564 3216 eandem

340 3259 506 3324 auctorem
548 3259 678 3325 rettulit
725 3258 811 3344 (vid.
853 3259 994 3345 Appiani
1036 3258 1396 3346 Schweighaeuseriani
1431 3258 1458 3326 t.
1503 3258 1561 3337 ΙΙΙ,

339 3385 394 3451 pp.
422 3367 462 3432 17
493 3365 527 3431 et
550 3367 646 3450 902),
677 3365 774 3452 atque
802 3365 898 3432 etiam
928 3365 1031 3433 codici
1064 3386 1238 3433 numerum
1266 3365 1356 3432 LVII
1388 3366 1423 3431 in
1451 3364 1563 3431 Photii

337 3471 547 3558 patriarchae
566 3471 920 3557 constantinopolitani
934 3472 1131 3541 bibliotheca
1150 3472 1278 3559 gerenti
1296 3472 1407 3539 eadem
1424 3471 1564 3559 Appiani

338 3599 456 3644 nornen
481 3581 641 3646 mentiens
665 3581 851 3666 compilatio
876 3581 1001 3646 inserta
1029 3581 1129 3648 fuisse
1148 3577 1312 3663 videtur²,
1344 3579 1562 3666 colligendam

339 3688 390 3752 est
402 3685 517 3780 utique
532 3707 551 3752 a
565 3687 746 3772 Byzantina
759 3689 868 3753 nescio
881 3707 946 3773 quo
960 3687 1107 3768 librario,
1125 3687 1211 3754 certe
1226 3687 1334 3753 tamen
1349 3688 1425 3752 ante
1439 3707 1562 3752 nonam

337 3793 412 3878 post
434 3792 601 3859 Christum
628 3793 743 3858 natum
763 3795 929 3860 saeculum
953 3795 1096 3874 vivente,
1118 3794 1312 3881 opusculum
1335 3793 1425 3860 istud
1444 3815 1461 3860 e
1484 3793 1562 3860 Pla-

337 3900 446 3967 tarchi
460 3901 601 3986 quodam
617 3902 734 3982 codice,
757 3903 812 3987 qui
830 3903 859 3968 ei
875 3903 1003 3989 praesto
1022 3904 1105 3983 erat,
1123 3901 1321 3988 descriptum
1342 3902 1443 3968 fuisse
1458 3901 1562 3967 aomi-

307 4063 308 4070 ,
336 4007 436 4093 nique
450 4007 592 4094 Appiani
612 4009 828 4097 suppositum.
846 4009 939 4085 Quod
961 4010 1090 4094 quidem
1110 4009 1209 4097 hujus
1230 4009 1406 4096 Byzantini
1429 4008 1562 4075 Plutar-

335 4114 506 4182 tarcheum
529 4117 708 4205 exemplar,
733 4117 911 4204 perspectis
935 4116 1323 4203 Pseudo-Appianeoram
1347 4116 1479 4182 illorum
1506 4135 1560 4181 co·

335 4221 443 4290 dicum
466 4224 651 4310 scripturis,
672 4245 713 4292 ex
732 4224 913 4291 vetustiore
937 4224 1136 4311 vulgataque
1164 4224 1279 4296 nostra
1302 4223 1405 4290 multo
1429 4223 1562 4289 meliore

334 4332 522 4397 recensione
543 4351 690 4398 manasse
709 4331 836 4418 liquet:
856 4331 990 4416 ideoque
1008 4332 1163 4399 carolum
1183 4331 1329 4398 Sintenis
1347 4329 1437 4398 haud
1456 4330 1560 4397 levem

366 4594 388 4646 l.
401 4595 434 4648 V.
446 4595 563 4662 Appiani
573 4594 635 4647 edit.
647 4595 871 4661 Schweighaeus,
885 4600 905 4647 t.
918 4595 962 4656 lll,
975 4612 1001 4662 p.
1015 4595 1072 4648 906.

333 4735 352 4786 l.
363 4666 396 4788 {3
405 4666 442 4788 ‘BOe
444 4668 615 4799 1Κδῧῖνδίκοιτυς
630 4668 719 4732 (λόγος)
736 4666 883 4732 Ῥωμαϊκῶν
904 4670 1011 4732 Συριακὴ
1029 4670 1072 4721 καὶ
1087 4666 1201 4733 Παρθικὴ
1222 4667 1310 4731 (Phor.
1326 4666 1461 4720 Bentian.
1480 4679 1508 4732 p.
1527 4664 1557 4718 16
