3568 5472
553 465 596 511 nn
620 465 809 516 rauraaoru
833 469 950 518 eonion
974 469 1193 518 uararrnusr.
1309 527 1315 535 ,
1452 453 1489 518 ll

264 589 371 658 codice
392 587 500 654 nescio
527 608 607 673 quo,
633 589 664 658 N
694 590 884 658 Matritensi
907 593 988 660 satis
1003 587 1131 676 simili,
1162 593 1374 680 deprompsit.
1404 593 1494 659 Nota

264 699 352 764 enim
374 717 426 763 res
453 695 505 762 est
527 696 685 763 Jacobum
708 698 834 785 Amyot
852 720 919 766 non
942 701 1083 768 Juntina
1102 703 1173 768 sive
1192 700 1316 767 Aldina
1334 699 1493 768 Vitarum

264 805 538 874 Plutarchearum
558 804 701 871 editione
718 807 909 874 contentum
929 807 1042 890 fuisse,
1060 807 1117 875 sed
1135 808 1264 896 praeter
1276 807 1379 874 libros
1396 829 1494 894 quos-

264 911 338 980 dam
358 912 580 980 Bibliothecae
597 915 720 1000 regiae,
742 914 837 981 hodie
858 917 1040 998 Parisinus,
1062 937 1157 982 usum
1176 935 1248 984 esse
1273 915 1435 982 codicibus
1461 916 1495 981 et

264 1020 401 1088 Venetis
417 1019 451 1088 et
470 1021 641 1102 Romanis,
663 1021 701 1088 ut
717 1041 759 1088 ex
779 1023 881 1110 ipsius
901 1023 1010 1090 verbis
1024 1023 1155 1091 constat
1168 1024 1204 1089 in
1222 1021 1424 1111 praefatione
1443 1024 1495 1088 in-

265 1124 535 1216 terpretationis¹
559 1147 566 1193 :
673 1155 675 1160 ·

302 1309 315 1339 u
336 1285 359 1343 ll
374 1289 419 1342 est
435 1302 505 1359 vray
523 1285 593 1358 qu'il
613 1286 691 1343 avoit
710 1286 819 1359 escript
842 1287 991 1360 beaucoup
1009 1288 1135 1345 d'autres
1153 1286 1229 1358 vies,
1249 1303 1304 1360 que
1320 1286 1436 1361 l’injure
1455 1289 1493 1344 du

266 1371 359 1439 iemps
374 1381 447 1422 nous
461 1382 478 1422 a
492 1365 641 1424 enviees...
666 1366 741 1424 Mais
763 1370 850 1440 ayant
871 1368 925 1424 fait
939 1371 1019 1425 toute
1037 1368 1180 1440 diligence
1195 1369 1212 1424 'a
1228 1382 1293 1440 moy
1312 1367 1441 1440 possible
1458 1368 1492 1424 de

265 1450 307 1506 les
321 1448 459 1505 chercher
470 1450 501 1504 ts
516 1447 692 1520 principales
708 1448 856 1506 librairies
871 1449 906 1506 de
918 1449 1022 1507 Venize
1036 1453 1064 1506 et
1078 1450 1112 1506 de
1131 1450 1229 1517 Rome,
1243 1448 1272 1522 J'e
1287 1465 1322 1505 ne
1338 1450 1380 1506 les
1396 1448 1423 1505 ai
1436 1465 1491 1521 peu

266 1544 427 1597 recouvrer‚
437 1529 597 1585 seulement
610 1545 645 1584 en
655 1527 724 1602 ayJ'e
743 1531 798 1586 tire
816 1528 963 1601 plusieurs
978 1529 1129 1587 diversitez
1143 1530 1177 1586 de
1191 1529 1299 1600 locens,
1309 1533 1338 1586 et
1348 1529 1494 1602 plusieurs

265 1607 451 1692 coyrections
460 1624 494 1664 en
506 1601 655 1665 conferant
665 1609 707 1666 les
717 1609 801 1666 rieux
809 1611 897 1667 liures
906 1610 1057 1682 ascriptsa
1068 1611 1096 1667 la
1107 1609 1185 1667 main
1196 1626 1263 1666 avec
1273 1611 1355 1666 ceulx
1368 1609 1417 1682 qui
1428 1614 1495 1667 sont

265 1687 424 1761 imprimes,
435 1687 484 1761 qui
498 1689 588 1745 m'ont
601 1689 791 1760 grandement
805 1693 913 1762 sarrya
927 1690 1133 1764 l'intelligence
1148 1690 1182 1747 de
1198 1688 1345 1763 plusieurs
1360 1689 1494 1746 difficiles

266 1785 403 1841 passages
417 1786 424 1824 ι
440 1771 469 1825 et
482 1767 628 1840 plusieurs
641 1786 660 1841 y
674 1785 710 1825 en
725 1785 742 1826 a
756 1769 836 1828 aussi
849 1787 904 1843 que
914 1769 977 1843 j'ay.
986 1770 1123 1828 restitues
1135 1786 1187 1843 par
1202 1769 1365 1842 conjecture
1383 1786 1451 1826 avec
1469 1771 1496 1826 le

263 1849 412 1923 jugement
422 1853 451 1905 et
465 1848 549 1905 l'aide
559 1848 594 1905 de
608 1849 747 1922 quelques
759 1867 815 1907 uns
830 1850 880 1907 des
896 1853 962 1922 plus
978 1867 1100 1922 scavans
1115 1851 1245 1908 hommes
1258 1850 1293 1907 de
1304 1852 1366 1906 cest
1375 1866 1447 1923 aege
1459 1866 1495 1907 en

266 1930 366 1988 lettres
381 1928 543 1986 humaines.
561 1949 574 1980 ν

266 2073 317 2142 Cf.
338 2074 520 2142 Deowstb.
538 2073 599 2141 vit.
617 2093 645 2140 c.
662 2074 735 2139 IX:
761 2074 858 2141 Πόθεν
878 2071 935 2158 οὖν,
962 2080 1026 2162 ραέη
1046 2103 1087 2154 τις
1107 2080 1152 2158 ἄν,
1175 2082 1189 2141 ὁ
1207 2076 1345 2162 Αἰσχίνης
1363 2077 1432 2162 πρὸς
1446 2078 1495 2159 τὴν

267 2185 295 2248 ὲν
314 2193 370 2259 τοῖς
388 2186 487 2266 λόγοις
504 2187 612 2264 τόλμαν
630 2182 854 2264 θαυμασιώτατον
873 2179 1012 2249 αἰιτεκάλει
1029 2187 1075 2248 τὸν
1094 2187 1196 2268 ἄνδρας
1218 2181 1276 2250 ubi
1291 2181 1325 2247 in
1341 2180 1448 2250 codice
1465 2182 1495 2248 N

266 2286 408 2355 ἀποκαλεῖ
420 2287 533 2353 exstat
549 2288 649 2372 atque
659 2287 707 2352 in'
717 2285 837 2374 gallica
852 2287 1125 2374 interpretatione
1142 2307 1149 2353 :
1169 2308 1188 2352 s
1207 2290 1400 2373 Pourpucy
1416 2288 1494 2354 dou-

266 2415 345 2481 ques
359 2393 462 2461 est-ce
476 2414 539 2482 que
553 2394 728 2461 Aeschines
743 2412 811 2476 nir,
825 2394 896 2462 etcl
910 2416 929 2460 ν
946 2394 996 2464 (tf.
1007 2396 1107 2462 etiam
1121 2395 1212 2462 iufra
1226 2416 1317 2466 num.
1335 2396 1378 2462 44
1390 2381 1427 2461 ‘st
1438 2394 1493 2462 82.

310 2564 366 2631 28.
391 2565 464 2632 Non
488 2565 571 2630 mihi
594 2563 704 2632 hercle
730 2563 908 2651 displicet:
936 2566 972 2631 Εἰ
997 2569 1099 2643 παντὸς
1123 2566 1156 2648 ἦν
1180 2569 1210 2631 τὸ
1235 2565 1344 2631 Γνῶθι
1373 2568 1495 2632 οοιντθν

268 2678 341 2760 ἔχειν
368 2679 527 2762 πρόχειρον,
556 2675 606 2740 οὐκ
629 2676 662 2739 ἂν
688 2675 779 2740 ἐδόκει
803 2677 839 2740 τὸ
864 2679 1004 2760 πρᾶγμα
1029 2681 1100 2740 θεῖον
1129 2672 1208 2740 εἶναι.
1239 2671 1421 2737 Fatendum
1444 2672 1496 2737 est

266 2780 378 2874 autem
393 2779 564 2865 vulgatam
582 2779 682 2868 hujus
699 2779 762 2846 loci
774 2778 986 2866 scripturam,
999 2778 1106 2845 altera
1120 2777 1269 2868 nondum
1282 2779 1424 2865 cognita,
1438 2798 1492 2843 su·

266 2887 410 2972 spicione
438 2885 494 2954 diu
523 2906 634 2953 carere
658 2887 814 2972 potuisse.
846 2888 891 2972 De
914 2887 1052 2973 reipsa,
1072 2884 1114 2952 cl.
1135 2885 1317 2952 Pausaniae
1334 2885 1495 2952 Pboce'ca
1549 2897 1551 2903 ’

267 2993 339 3080 (lib.
362 2995 408 3075 X,
425 3013 454 3059 c.
471 3011 569 3074 xxiv,
590 2993 662 3077 51)
679 3013 687 3058 ε
705 2993 791 3061 Οὗτοι
806 2991 853 3062 οὖν
872 3001 897 3062 οἱ
915 2999 1014 3082 ἄνδρες
1029 2993 1087 3080 (οὓς
1102 3001 1230 3080 γενέσθαι
1249 2994 1348 3079 σοροὺς
1365 2998 1494 3077 λέγουσιν

266 3098 428 3184 Ἕλληνες)
444 3097 602 3187 ἀφικόμενοι
616 3103 646 3179 ἐς
660 3101 792 3187 Δελροὺς
805 3099 937 3168 ἀνέθεσαν
952 3110 991 3188 τῷ
1012 3098 1178 3168 Ἀπόλλωνι
1192 3100 1227 3167 τὰ
1243 3097 1365 3189 ᾀδόμενα
1384 3101 1428 3165 Γν
1437 3107 1497 3166 cer.

268 3212 387 3276 σαυτὸν
405 3212 453 3276 καὶ
472 3209 588 3308 Μηδὲν
607 3214 693 3294 ἄγαν
712 3238 719 3251 ·
737 3208 808 3276 οὗτοι
828 3212 879 3293 μέν
898 3212 933 3293 δὴ
952 3213 1069 3275 ἐνταῦθα
1088 3197 1211 3295 ἔγραψαν
1229 3208 1265 3274 τὰ
1281 3208 1412 3296 εἰρημένα
1425 3213 1492 3275 κτλ.

310 3381 366 3447 29.
391 3378 536 3446 Notabili
545 3381 754 3467 corruptione
764 3380 957 3465 inquinatus
966 3378 1017 3446 est
1031 3377 1183 3446 hiclocus
1196 3397 1204 3444 :
1218 3379 1385 3463 Δημοσθένη
1396 3377 1496 3463 (quod

266 3486 400 3573 quidam
414 3486 634 3554 mutaverunt
646 3489 763 3574 parum
777 3488 874 3554 acute
891 3487 926 3552 in
942 3487 1139 3570 Δημοσθένην)
1154 3486 1209 3575 γὰρ
1224 3491 1272 3554 καὶ
1287 3486 1438 3574 Κικέρωνα
1451 3489 1497 3561 τὸν

267 3597 347 3662 aloto
368 3600 442 3661 ἔοικε
461 3597 591 3661 πλάττων
611 3591 659 3660 ἀπ’
677 3592 767 3680 ἀρχῆς
786 3595 857 3678 (seu
876 3593 974 3658 malis
991 3596 1022 3673 ἐξ
1042 3591 1132 3681 ἀρχῆς
1151 3591 1237 3677 quod
1256 3593 1290 3657 in
1310 3592 1339 3659 N
1358 3592 1496 3679 legitur)

267 3708 412 3786 θθαέμων.
430 3700 523 3778 Quod
533 3701 705 3768 laboriose
726 3700 859 3786 quidem
877 3699 1050 3767 enucleare
1063 3701 1184 3766 nititur
1201 3699 1396 3766 Fredericus
1410 3699 1499 3765 Dub-

267 3829 337 3889 ner‚
358 3810 411 3875 vir
429 3809 584 3896 egregius
602 3808 636 3875 et
650 3810 811 3875 sermonis
830 3810 938 3896 graeci
956 3808 1178 3894 peritissimus
1193 3806 1297 3894 judex
1316 3803 1329 3840 ²
1352 3827 1359 3872 :

305 3991 317 4020 ν
339 3971 497 4044 Δημοσθένην
511 3969 551 4023 καὶ
570 3969 703 4042 Κικέρωνα
717 3969 833 4024 πλάττων
846 3967 889 4023 τόν
908 3967 992 4039 αὐτόν,
1012 3969 1125 4041 fingens
1143 3967 1293 4035 cumdem,
1314 3963 1498 4022 c’esl-d-dt‘rc

267 4054 301 4107 ut
317 4053 415 4106 essent
433 4053 573 4124 tanquam
596 4048 672 4105 idem
692 4048 788 4118 homo,
804 4047 874 4122 plus
892 4047 1049 4121 obpressis
1061 4065 1117 4120 que
1131 4048 1243 4119 fingens
1259 4044 1437 4102 simillimos.
1454 4045 1496 4100 Le
1521 4035 1526 4060 ¹

267 4129 420 4187 hcrdtesse
434 4131 470 4186 de
484 4129 691 4203 l’cecprcssicc,
703 4127 757 4202 qui
771 4129 844 4184 u'cst
855 4127 890 4184 αι’
901 4145 983 4184 assez
998 4126 1148 4184 eataeelte
1162 4125 1198 4182 ni
1208 4126 1250 4181 dec
1263 4123 1404 4180 meilleur⁴
1415 4127 1495 4197 poeti,

268 4227 306 4266 ne
316 4209 401 4283 suffit
413 4227 470 4284 pas
483 4226 563 4283 pour
577 4209 705 4266 mottver
719 4227 763 4266 aa
780 4208 976 4282 cbacpement
990 4208 1026 4264 dc
1039 4213 1110 4264 cette
1125 4205 1208 4281 tepea
1228 4223 1264 4263 nn
1284 4221 1355 4262 neus
1374 4222 1424 4262 uns
1443 4222 1497 4261 ua-

153 4321 160 4326 ·
269 4307 414 4348 uuscmns.
428 4291 470 4347 Le
488 4289 644 4346 meilleure
660 4291 710 4347 des
727 4290 908 4346 corrections
917 4289 1077 4363 propose'cs
1091 4292 1132 4345 est
1147 4286 1217 4344 cella
1230 4285 1265 4344 de
1278 4285 1395 4360 Coeay:
1410 4287 1497 4358 Δημο-

269 4372 354 4440 σθένην
368 4369 416 4444 γὰρ
431 4371 554 4444 Κικέρωνι
567 4369 609 4426 τὸν
624 4370 697 4426 αὐτὸν
709 4371 772 4426 totas
785 4371 913 4440 πλάττων,
927 4373 981 4427 etc.
997 4391 1011 4422 ν

301 4612 323 4664 l.
339 4616 408 4662 Aac
419 4612 548 4669 lecteurs,
560 4614 572 4677 ς
584 4613 669 4664 XXV.

299 4683 324 4734 2.
347 4684 398 4734 Via
413 4686 447 4734 de
473 4685 661 4737 Demosthene
671 4695 731 4746 par
746 4681 914 4745 pictorque.
930 4681 1017 4731 Teate
1028 4694 1099 4733 recu
1115 4694 1184 4733 accc
1197 4684 1368 4745 ercamserta
1380 4684 1407 4731 et
1417 4684 1498 4731 notes

268 4768 306 4806 en
317 4757 451 4819 franceis
458 4770 518 4820 par
529 4758 570 4822 M.
582 4759 633 4808 Fr.
645 4758 764 4812 Dueuer
774 4753 882 4817 (Paris,
895 4753 1040 4814 Lecoffrel·
1158 4794 1161 4800 ·
