3568 5472
326 422 373 488 42
849 439 881 486 0.
907 437 1036 488 GRAUX.

328 569 376 632 καί
394 569 572 651 διαλέγεσθαι
592 577 650 642 τοῖς
668 569 740 641 νέοις
761 568 800 641 ὡς
819 577 976 646 κοσμοῦντα
994 566 1044 647 τὴν
1062 569 1155 630 πάλιν.
1185 563 1352 632 Ἐπιστολαί
1369 565 1490 652 δὲπαρά
1507 579 1557 633 τοῦ

329 673 492 759 Κικέρωνος
512 672 562 737 εἶσὶ
579 673 649 757 πρὸς
673 670 817 758 Ἡρώδην,
829 653 931 756 ’,ετέραι
950 671 981 737 δέ
995 674 1066 756 πρὸς
1079 675 1126 736 τὸν
1145 674 1201 737 υίδν
1220 675 1441 756 ἐγκελευομένου
1458 699 1557 758 συμφι·

328 786 456 865 λοσοφεϊν
485 780 654 865 Κρατίππῳ.
686 778 759 845 Non
788 776 900 842 autem
929 777 1133 858 Ciceronem,
1163 778 1202 843 ut
1232 776 1313 858 filie,
1349 779 1397 844 ita
1427 774 1556 864 quoque

328 885 450 952 Herodi
475 885 678 971 praecepisse
703 883 742 948 ut
766 904 840 950 cum
866 882 1021 969 Cratippo
1045 884 1331 971 philosopharetur
1353 887 1387 950 in
1411 885 1556 952 confesso

329 994 390 1059 est.
417 991 504 1058 Audi
529 994 678 1058 critIcum
694 991 781 1059 haud
796 992 1015 1078 spernendum
1029 993 1152 1058 Mosam
1167 995 1218 1059 Du
1233 993 1311 1059 Soul
1329 1014 1337 1059 ε
1357 1015 1375 1059 ‹<
1394 992 1554 1082 “Ηροἰδην].

328 1099 523 1186 Suspectum
547 1091 628 1165 mihi
661 1100 722 1165 hoc
753 1120 887 1182 nomen,
925 1099 1010 1184 quod
1038 1099 1249 1166 adolescentis
1275 1102 1384 1187 potius
1417 1101 1558 1189 alicujus

329 1207 470 1273 Romani
498 1227 568 1273 esse
595 1206 740 1288 decebat,
771 1207 835 1286 cui,
866 1206 917 1271 uti
945 1206 978 1272 et
1001 1204 1080 1288 filio,
1106 1206 1222 1272 auctor
1245 1208 1345 1287 esset,
1366 1208 1468 1274 etc.»
1493 1207 1557 1274 Sed

328 1335 447 1382 revera
471 1313 605 1403 Ἡρώδην
628 1315 708 1381 bene
734 1336 769 1381 se
790 1314 902 1394 habet,
931 1314 1026 1398 eique
1051 1315 1237 1381 Ciceronem
1267 1315 1465 1380 Plutarchus
1484 1335 1558 1401 per-

328 1423 422 1489 hibet
448 1423 617 1509 scripsisse
646 1423 685 1488 de
709 1422 941 1509 Areopagitica
960 1422 1078 1487 senatu
1104 1421 1265 1488 hortando
1288 1421 1330 1487 ad
1363 1421 1556 1507 Cratippum

328 1529 467 1595 Athenis
484 1529 524 1595 ut
543 1529 769 1596 adulescentes
785 1528 1024 1616 philosophiam
1041 1527 1171 1596 doceret
1184 1528 1409 1594 retinendum.
1425 1529 1511 1596 Nam
1526 1529 1557 1596 N

327 1656 441 1703 veram
464 1636 637 1704 lectionem
663 1637 810 1704 servavit
834 1637 920 1702 hanc
943 1656 951 1700 :
982 1635 1147 1703 Ἐπιστολαὶ
1166 1640 1196 1703 δὲ
1217 1642 1293 1724 περὶ
1316 1643 1442 1703 τούτων
1466 1639 1556 1703 Κικέ-

328 1771 415 1834 ρωνος
430 1745 480 1812 εἰσὶ
494 1748 563 1833 πρὸς
581 1744 725 1834 Ἡρώδην.
743 1744 790 1810 At
803 1743 1017 1809 nihilominus
1036 1745 1187 1829 superior
1200 1744 1364 1810 sententia
1378 1744 1553 1825 claudicat,

329 1853 361 1918 in
380 1873 447 1938 qua
465 1871 578 1920 vocem
599 1857 646 1919 καὶ
665 1851 805 1918 Iacobus
824 1850 943 1916 Reiske
962 1851 1035 1937 post
1057 1853 1221 1938 διεπράξατο
1241 1853 1271 1917 δέ
1290 1850 1449 1937 deposcit,
1477 1871 1556 1916 ean-

327 1959 465 2044 demque
493 1959 631 2027 Carolus
655 1958 801 2025 Sintenis
828 1958 903 2044 post
925 1964 1089 2044 φιγφίσοιοθαι
1113 1977 1178 2023 non
1202 1958 1365 2024 desiderat
1388 1980 1396 2024 :
1418 1959 1556 2045 uterque

328 2067 417 2133 haud
442 2067 576 2155 injuria.
604 2065 740 2147 Idcirco,
762 2070 809 2132 καί
827 2064 898 2130 loco
917 2064 1042 2130 motum
1062 2084 1134 2129 esse
1152 2065 1357 2147 existimans,
1381 2065 1519 2131 scribam
1544 2087 1552 2132 :

330 2175 507 2261 Διεπράξατο
523 2175 553 2240 δέ
572 2177 620 2240 καί
640 2176 690 2257 τὴν
712 2175 743 2252 ἐξ
766 2172 877 2260 Ἀρείου
896 2175 987 2257 πάγου
1007 2174 1111 2256 βουλὴν
1129 2179 1295 2259 ψηφίσασθαι
1314 2179 1442 2257 δεηθῆναι
1464 2179 1555 2256 μένειν

328 2283 409 2348 ababa
429 2285 458 2348 ἐν
484 2279 618 2364 Ἀθήναις
635 2285 701 2346 κτλ.
728 2359 729 2366 γ

373 2423 428 2490 95.
460 2423 625 2489 Ουὀανοιι.
653 2421 714 2487 vit.
737 2440 766 2486 e.
793 2421 929 2487 XXXII
956 2407 965 2486 :i
990 2422 1120 2489 Πολλῶν
1148 2423 1179 2489 δέ
1204 2422 1356 2508 φοιτώντων
1384 2421 1489 2512 ἀνδρῶν
1508 2425 1553 2492 ὑπ’
1647 2495 1652 2504 ,

328 2535 435 2610 εὐνοίας
460 2535 507 2598 καί
535 2538 589 2596 τῶν
614 2528 793 2612 Ἑλληνίδων
817 2533 928 2596 πόλεων
948 2535 1182 2612 διαμιλλωμένων
1204 2534 1274 2618 πρὸς
1296 2531 1381 2609 αὑτάς
1402 2545 1462 2610 ταῖς
1484 2559 1553 2620 πρε-

327 2645 440 2720 cislau,
453 2639 531 2721 ὅμως
542 2637 702 2723 (Κικέρων)
716 2634 826 2720 ἀθυμῶν
840 2641 887 2704 καί
905 2641 1057 2724 περίλυπος
1073 2643 1152 2722 διῆγε
1163 2636 1198 2703 τὰ
1213 2638 1322 2720 πολλά,
1335 2642 1404 2726 πρὸς
1416 2639 1550 2723 Ἰταλίαν,

327 2747 419 2833 ὥοπερ
437 2751 461 2812 σί
480 2751 641 2832 δυσέρωτες,
664 2740 772 2832 ἀφορῶν
790 2749 856 2811 κτλ.
881 2744 1009 2811 «Hunc
1024 2743 1144 2825 locum,
1166 2745 1214 2810 ait
1229 2745 1401 2831 Philippus
1414 2747 1551 2828 Barton,

327 2851 590 2938 inquinatissime
607 2871 641 2917 se
665 2851 786 2918 habere
808 2854 843 2916 in
863 2851 1008 2937 vulgatis
1026 2872 1224 2938 persuasum
1242 2852 1358 2932 habeo,
1383 2854 1416 2917 iu
1435 2853 1554 2938 quibus

327 2959 483 3026 scribitur
496 2963 566 3047 πρὸς
575 2961 661 3040 αὐτὸν
678 2959 712 3024 et
730 2957 814 3025 duae
833 2979 930 3024 voces
946 2958 1119 3046 sequentes
1134 2959 1346 3026 omittuntur.
1368 2960 1451 3035 Quid
1465 2961 1554 3025 enim

327 3065 379 3134 est
398 3071 630 3150 διαμιλλωμένων
647 3069 716 3154 πρδς
735 3065 838 3132 αδτάνί
856 3065 950 3130 Adde
968 3079 1029 3144 ταῖς
1047 3071 1203 3155 πρεσάείαις
1221 3087 1239 3132 e
1258 3065 1328 3133 cod.
1352 3088 1413 3132 ms.
1436 3064 1554 3130 Adhuc

327 3174 437 3239 tamen
451 3173 566 3239 durior
581 3172 633 3238 est
647 3173 859 3240 constructio
881 3174 943 3238 Ms.
966 3172 1060 3268 Bodl.
1082 3175 1194 3259 aperte
1207 3173 1354 3260 praefert
1371 3177 1441 3261 πρὸς
1454 3177 1550 3255 αὑτάς,

327 3300 391 3366 quo
410 3279 551 3346 admisso
565 3281 675 3346 omnia
691 3279 833 3346 dilucida
852 3281 941 3346 sunt.
961 3301 978 3343 ν
999 3279 1141 3366 Phihppi
1159 3282 1285 3347 Barton
1304 3282 1338 3346 in
1355 3280 1553 3346 sententiam

326 3386 487 3454 concessit
504 3386 619 3452 Daniel
644 3386 886 3472 Wyttenbach‚
921 3387 974 3453 vir
998 3389 1297 3473 perspicacissimus
1320 3387 1408 3452 inter
1426 3406 1551 3466 omnes,

325 3493 448 3560 addens
462 3494 596 3558 tamen:
616 3515 634 3557 ιι
649 3493 785 3560 Poterat
799 3493 900 3559 etiam
914 3495 1036 3580 corrigi
1053 3515 1060 3559 :
1076 3508 1137 3573 ταῖς
1155 3499 1224 3582 πρὸς
1243 3498 1323 3561 αὐτὸν
1343 3500 1510 3583 πρεσάείαις.
1532 3515 1551 3557 ν

325 3598 416 3674 Quod
439 3619 517 3665 sane
535 3620 600 3666 non
621 3601 762 3666 multum
782 3599 891 3667 differt
909 3600 950 3667 ab
969 3602 1093 3687 optima
1112 3601 1230 3666 codicis
1249 3602 1279 3669 N
1298 3601 1436 3668 lectione
1458 3623 1465 3666 :
1487 3602 1553 3667 Τῶν

332 3705 509 3790 Ἐλληνίδων
524 3714 636 3774 πολεων
655 3714 888 3791 διαμιλλωμένων
906 3707 958 3777 άεί
976 3723 1036 3788 ταῖς
1054 3714 1209 3797 πρεσάεέαις
1227 3713 1297 3797 πφδς
1315 3713 1408 3777 αὐτόν.

371 3849 427 3914 96.
454 3851 613 3935 Αμθείίαί
638 3849 700 3916 vit.
728 3870 755 3915 c.
778 3851 855 3916 IX:
884 3853 977 3930 Εὐθὺς
1003 3850 1048 3918 οὖν
1074 3849 1244 3934 ἀμυνόμενος
1271 3849 1363 3940 ἀπάτῃ
1389 3853 1553 3940 discipata

326 3957 513 4044 Τισαφέρνους
533 3961 672 4045 ἐπιορκίαν
691 3961 829 4038 ἐπέδειξεν
849 3963 888 4036 ὡς
911 3963 956 4026 ἐπὶ
981 3961 1091 4046 Καρίαν
1111 3959 1252 4046 προάξων.
1271 3958 1344 4024 Non
1364 3959 1466 4044 poscit
1480 3979 1550 4024 sen·

324 4062 429 4129 tentia
447 4065 599 4148 ἐπέδειξεν,
617 4065 769 4130 ostendit
787 4085 821 4130 se
839 4065 1074 4151 profecturum,
1095 4065 1150 4130 sed
1166 4063 1312 4150 —quod
1332 4065 1486 4131 subtilius
1505 4064 1552 4129 di-

325 4172 412 4238 citur
430 4172 616 4257 diserteque
640 4174 674 4238 in
693 4173 881 4239 Matritensi
904 4173 1028 4260 legitur
1053 4172 1139 4238 libro
1156 4209 1202 4222 —
1219 4174 1413 4260 laetaniam.
1431 4193 1459 4238 e.
1478 4193 1553 4257 spe-

324 4281 418 4348 ciem
432 4280 584 4345 ostendii
599 4278 790 4364 profecturi,
808 4282 871 4346 etc.
887 4279 937 4347 cf.
950 4281 1080 4366 Polybii
1094 4280 1152 4346 lib.
1169 4281 1219 4345 XI
1234 4301 1263 4346 c.
1282 4300 1348 4360 xu,
1365 4282 1387 4363 ἓ
1401 4280 1423 4345 2
1438 4300 1446 4346 :
1463 4267 1502 4345 Ὁ
1521 4282 1552 4346 δέ

323 4386 492 4472 Μαχανίδας
506 4390 537 4452 τδ
552 4389 602 4467 μέν
624 4395 732 4474 πρῶτον
751 4389 892 4466 ὑπέδειξεν
908 4393 947 4466 ὡς
966 4391 1044 4477 ἀρθίᾳ
1061 4403 1095 4475 τῇ
1115 4392 1240 4474 φάλαγγι
1259 4391 1416 4476 προσμίξων
1435 4391 1505 4474 πρὸς
1519 4391 1550 4452 τδ

324 4495 412 4572 δέξιον
426 4502 480 4560 τῶν
494 4499 637 4576 πολεμίων
657 4521 663 4535 ·
682 4498 742 4562 ἐπεὶ
754 4495 778 4562 δ’
795 4499 959 4578 ἐπλησίασε,
976 4493 1072 4561 λαάὼν
1085 4501 1239 4582 σύμμετρον
1252 4493 1399 4578 ἀπόστημα
1414 4500 1551 4581 περιέκλα

322 4602 372 4684 τὴν
389 4604 722 4688 sciscitaretur.
744 4602 842 4688 Apud
860 4602 1002 4668 eundem
1017 4603 1108 4681 XIV,
1126 4603 1225 4684 1u,4;
1242 4603 1276 4667 et
1287 4602 1394 4683 XXII,
1411 4619 1488 4678 viu,
1502 4601 1547 4667 6:

324 4705 409 4774 Οὗτοι
424 4710 455 4774 δέ
469 4710 574 4796 βραχὺν
589 4715 641 4792 μέν
654 4735 715 4777 τινα
728 4715 829 4798 χρόνον
847 4711 992 4789 ὑπέδειξαν
1007 4714 1047 4788 ὡς
1060 4707 1306 4792 άντιποιησάμενοι,
1323 4717 1492 4796 τηρήσαντες
1502 4711 1552 4792 τὴν
