3568 5472
340 445 385 511 36
861 461 891 507 o.
916 460 1044 508 cauus.

339 592 428 670 ἥδιον.
446 583 508 674 Sed
522 603 586 649 non
602 603 661 649 suo
674 583 742 648 loco
757 581 950 670 particulam
963 587 996 650 ἂν
1011 603 1030 648 a
1045 583 1139 649 docto
1155 582 1280 649 editore
1294 583 1484 652 collocatam
1498 607 1571 654 esse

340 691 434 758 docet
455 691 557 757 codex
577 689 794 772 Matritensis,
821 691 877 774 qui
899 709 971 755 eam
996 691 1085 757 inter
1108 697 1274 776 γενομένους
1293 691 1327 756 et
1352 697 1500 772 πλουσίους
1519 694 1571 758 in·

340 799 465 864 sertam
485 795 631 883 praebet.

385 934 441 1000 80.
467 929 651 997 Demetrius
674 928 854 995 Phalereus
878 929 1040 1014 perhibet,
1071 930 1121 995 ait
1149 930 1351 997 Plutarchus
1373 933 1566 1017 (Demosth.

341 1039 401 1106 vit.
424 1058 452 1106 c.
470 1038 542 1120 XI),
566 1036 813 1102 Demosthenem
833 1037 1038 1134 consuevisse
1062 1039 1096 1103 vi
1117 1037 1249 1103 admota
1273 1059 1464 1125 expugnare
1479 1044 1570 1107 vocis

338 1145 584 1224 obscuritatem,
597 1150 690 1230 ῥήσεις
708 1163 764 1208 ore
783 1142 983 1208 calculorum
998 1142 1093 1228 pleno
1107 1144 1312 1225 recitantem,
1330 1149 1379 1229 τὴν
1395 1149 1426 1212 δὲ
1436 1150 1527 1232 φωνην
1539 1151 1569 1212 ἐν

339 1265 398 1334 τοῖς
416 1258 528 1340 δράμοις
545 1253 729 1336 γυμνάζεσθαι
747 1255 794 1317 καί
812 1263 872 1328 ταῖς
890 1253 959 1336 πρὸς
977 1250 1011 1316 τά
1030 1250 1096 1332 σιμά
1115 1255 1289 1338 προσδάσεσιΙ
1302 1258 1502 1339 διαλεγόμενον
1521 1258 1570 1320 καὶ

340 1365 446 1444 λάγους
468 1358 543 1436 τονάς
566 1360 585 1442 ἦ
612 1361 721 1443 στίχους
739 1355 799 1439 ἅμα
816 1365 855 1443 τῷ
879 1362 1011 1440 πνεύματι
1035 1364 1215 1444 πυκνουμένῳ
1233 1365 1449 1445 προφερόμενον.
1471 1359 1569 1425 Haud

342 1465 447 1547 facile,
469 1464 576 1545 crede,
597 1464 739 1530 alterum
758 1462 844 1549 apud
859 1463 1076 1529 Plutarchum
1095 1466 1246 1530 invenias
1265 1466 1450 1551 exemplum
1469 1467 1569 1553 hujus

341 1571 467 1640 formae
486 1571 610 1638 mediae
632 1574 815 1656 γυμνάζεσθαι
834 1570 881 1637 sic
906 1590 980 1636 oum
1000 1572 1049 1635 rei
1069 1572 1267 1636 exercitatae
1290 1574 1475 1639 accusativo
1494 1593 1571 1638 oon-

337 1677 486 1766 junctae.
507 1677 555 1743 At
572 1678 686 1743 contra
708 1675 751 1742 of.
775 1674 885 1741 Cicer.
909 1676 969 1742 vit.
992 1697 1020 1741 e.
1040 1677 1135 1742 XXV
1159 1698 1166 1742 :
1190 1679 1342 1760 Γυμνάζων
1360 1683 1407 1745 τὲν
1425 1684 1513 1765 λάγον
1528 1681 1570 1757 είς

340 1790 449 1872 ραάλην
471 1791 610 1866 ascesa-2,
634 1784 693 1849 aut
712 1783 861 1850 Antonii
879 1784 940 1849 vlt.
963 1773 995 1849 cf
1015 1784 1045 1848 ΙΙ
1063 1804 1070 1848 :
1088 1786 1130 1850 Τὸ
1151 1795 1231 1868 σῶμα
1249 1791 1395 1871 γυμνάζων
1413 1791 1482 1872 πρὸς
1505 1790 1569 1866 τοὺς

341 1894 549 1980 στρατιωτικοὺς
568 1889 689 1978 ἀγῶνοις.
712 1890 851 1974 ideoque
866 1910 963 1974 quam
978 1890 1192 1958 libentissime
1212 1893 1246 1956 iu
1262 1895 1485 1960 Demosthen.
1503 1895 1584 1960 vit.'

341 1997 410 2067 loco
426 1997 561 2064 laudato
577 1998 695 2066 codicis
715 1998 745 2066 N
760 1998 931 2066 lectionem
950 1999 1104 2083 recipiam
1123 2003 1197 2084 :ab
1217 2003 1247 2066 δὲ
1267 2004 1357 2086 φωνὴν
1374 2005 1520 2086 γυμνάζειν
1538 2005 1569 2066 ἐν

340 2119 397 2184 τοῖς
425 2111 547 2194 δρόμοις.
582 2106 654 2172 lam
680 2104 766 2190 quod
790 2106 940 2189 sequitur
969 2106 1003 2170 in
1029 2105 1139 2171 eodem
1163 2105 1248 2171 libro
1276 2107 1470 2172 mendosum
1498 2126 1568 2173 esse

341 2212 432 2299 patet
458 2231 466 2278 :
491 2216 539 2279 καὶ
562 2225 621 2290 ταῖς
642 2215 712 2298 πρὸς
736 2215 827 2279 στάσιν
851 2210 1011 2279 άναάάσεσιν
1033 2219 1246 2298 διαλεγόμενον,
1271 2213 1438 2279 levissima
1456 2213 1568 2279 tamen
1673 2276 1675 2282 ,
1765 2269 1766 2272 ,

341 2319 524 2386 mutatione
536 2318 661 2404 indiget
673 2338 736 2404 quo
747 2320 860 2405 purior
869 2338 967 2402 quarn
979 2321 1081 2406 vulgo
1095 2321 1218 2406 legitur
1231 2321 1320 2388 locus
1333 2321 1424 2387 totus
1434 2320 1565 2388 evadat.

341 2426 470 2492 Mecum
490 2426 577 2492 enim
596 2425 719 2492 scribas
741 2445 748 2490 :
765 2431 812 2494 καί
826 2440 886 2504 ταῖς
904 2431 973 2514 πρὸς
986 2428 1021 2494 τά
1035 2421 1091 2511 σίμ’
1110 2426 1271 2521 ἀναδάσεσιν
1287 2436 1354 2496 κτλ.
1371 2429 1464 2495 Unde
1479 2445 1567 2516 προσ-

341 2534 434 2600 tolosa
450 2533 495 2598 sit
513 2533 622 2598 ortum
642 2552 739 2598 nemo
754 2552 819 2598 nou
840 2531 943 2598 videt.

384 2682 440 2752 81.
465 2683 648 2750 Demostt.
671 2683 730 2749 vit.
753 2702 781 2749 o.
803 2683 881 2748 XIII
904 2703 911 2747 1
935 2683 1084 2767 Δημάδης,
1104 2682 1333 2771 ἀπολογούμενος
1348 2685 1393 2753 διὰ
1413 2687 1461 2770 τὴν
1482 2689 1566 2774 ἑνιῇ

339 2797 466 2880 πολιτείᾳ
484 2797 655 2876 μεταάολην,
677 2797 777 2876 ἔλεγεν
797 2798 870 2877 αὑτῷ
890 2792 939 2874 μἐν
958 2793 1038 2857 αὐτὸν
1057 2790 1184 2858 τάναντία
1202 2793 1344 2871 πολλάκις
1362 2795 1510 2880 εἰρηκέναι,
1531 2807 1566 2880 τῇ

340 2899 371 2966 δὲ
398 2903 480 2966 πόλει
504 2905 653 2982 μηδέποτε.
682 2898 728 2963 De
757 2918 822 2983 qua
849 2898 1013 2964 sententia
1039 2900 1207 2965 annotatio
1230 2901 1281 2966 est
1298 2901 1397 2965 Mosis
1418 2901 1466 2966 Du
1487 2898 1566 2964 Soul

340 3006 449 3093 (quem
469 3006 572 3070 latine
591 3005 746 3072 Solanum
763 3024 954 3091 nuncupare
969 3006 1087 3088 solent)
1110 3027 1117 3070 z
1142 3031 1160 3071 ιι
1179 3007 1252 3073 Non
1268 3007 1349 3072 solet
1367 3004 1412 3074 διά
1430 3009 1477 3073 sic
1491 3028 1566 3074 oum

338 3111 400 3178 hoo
422 3113 524 3178 verbo
549 3105 707 3179 construi.
733 3112 803 3179 Aut
826 3133 960 3198 prorsus
987 3113 1173 3190 delendum,
1204 3116 1264 3180 aut
1287 3119 1320 3198 δὴ
1342 3113 1565 3200 reponendum

339 3217 401 3284 est.
420 3241 439 3283 υ
455 3220 511 3286 Δισί
528 3220 647 3287 Jacobo
663 3218 784 3284 Reiske
798 3239 926 3304 quoque
945 3220 1057 3286 abesse
1075 3240 1167 3306 posse
1186 3219 1371 3287 videbatur.
1390 3223 1438 3286 Ao
1450 3241 1566 3287 revera

338 3325 431 3391 abest
453 3346 473 3391 a
500 3326 607 3394 codice
631 3321 829 3392 Matritensi.
863 3327 967 3391 Miror
994 3327 1105 3391 autem
1131 3328 1357 3393 accusativum
1382 3331 1462 3394 οιῦτσν
1481 3325 1565 3392 nulli

338 3435 526 3500 criticorum
546 3433 710 3518 usquead
731 3433 815 3500 hanc
836 3432 922 3499 diem
941 3433 1152 3519 displicuisse,
1174 3454 1246 3500 oum
1269 3435 1420 3501 constans
1439 3435 1564 3500 Attico·

337 3561 412 3606 rum
443 3562 522 3606 usus
550 3544 641 3626 (nam
668 3560 755 3605 unus
781 3539 930 3625 idemque
953 3541 1111 3606 Demades
1134 3543 1168 3607 et
1191 3548 1276 3628 ἔλεγε
1299 3543 1332 3608 et
1356 3543 1463 3629 εἴρηκε)
1483 3545 1565 3620 οὗτος

336 3648 494 3736 requirat.
521 3647 613 3724 Quod
636 3649 734 3714 etianr
754 3647 874 3713 diserte
898 3648 1020 3736 legitur
1039 3650 1073 3713 in
1093 3650 1214 3736 optimo
1234 3649 1291 3714 illo
1310 3647 1417 3716 codice
1436 3650 1466 3716 N
1486 3649 1563 3733 (nisi

337 3756 422 3841 quod
435 3757 507 3822 voci
522 3763 595 3843 αὑτῷ
615 3753 719 3820 falsus
734 3753 865 3819 additur
883 3757 1036 3822 accentus
1054 3776 1060 3821 :
1079 3759 1152 3844 αὐτῷ
1167 3759 1218 3839 μὲν
1235 3758 1343 3840 οὗτος).

380 3863 473 3929 Hanc
499 3861 602 3929 Attici
634 3861 793 3927 sermonis
822 3860 926 3947 legem
955 3882 974 3926 a
1003 3862 1181 3929 Plutarcho
1210 3864 1323 3929 nostro
1353 3864 1562 3930 observatam

301 3978 303 3984 '
337 3991 408 4037 esse
427 3992 491 4037 non
508 3970 754 4050 intellexerunt,
771 3968 983 4053 quantumvis
999 3970 1087 4050 boni,
1106 3971 1227 4035 saeculi
1243 3973 1421 4056 superioris
1443 3972 1560 4038 critici.

336 4077 424 4144 Audi
449 4080 558 4145 virum
583 4077 808 4144 acutissimum
831 4075 987 4142 Jacohum
1008 4077 1129 4142 Reiske
1156 4076 1196 4143 de
1222 4078 1274 4142 his
1297 4078 1476 4144 Demosth.
1499 4078 1560 4145 vit.

335 4206 362 4251 o.
386 4186 465 4252 XVI
495 4185 604 4252 verbis
634 4185 799 4270 egregiam
828 4203 906 4248 sane
934 4185 1169 4271 conjecturam,
1201 4184 1421 4270 imperfectam
1450 4185 1563 4250 tamen

335 4289 527 4358 afferentem
551 4313 557 4357 :
591 4291 642 4357 Ἑν
667 4294 697 4357 δὲ
725 4291 844 4378 πρώτοις
871 4293 953 4356 abaco
984 4306 1034 4372 τῆς
1063 4296 1168 4375 βουλῆς
1201 4296 1310 4375 ἐκείνης
1340 4293 1401 4376 (sic
1431 4311 1503 4356 cum
1530 4291 1562 4358 N

335 4399 450 4464 melius
466 4398 649 4464 excudatur
668 4417 767 4482 quam
787 4400 891 4464 ἐκείνου
911 4397 995 4482 quod
1015 4397 1116 4482 vulgo
1131 4400 1165 4463 in
1181 4398 1277 4464 libris
1294 4400 1419 4482 exstat)
1434 4409 1562 4483 καταψη-

334 4513 494 4592 φισαμένης,
518 4508 631 4590 εἰσῆλθε
656 4508 706 4588 μὲν
730 4507 769 4582 εἰς
787 4510 817 4572 τὸ
837 4512 1021 4592 δικαστήριον,
1050 4504 1142 4591 δρλὼν
1166 4509 1197 4572 δὲ
1222 4515 1392 4589 πεντήκοντα
1417 4498 1563 4572 ταλάντων

334 4619 411 4697 δίκην
437 4621 484 4683 καί
507 4619 672 4704 παραδοθεὶς
696 4614 735 4692 είς
759 4617 790 4680 τὸ
814 4619 1012 4701 δεσμωτήριον,
1040 4615 1155 4702 αἰσχύνη
1184 4628 1234 4697 τῆς
1263 4616 1351 4693 αἰτίας
1369 4618 1433 4700 φασί
1455 4618 1502 4681 καί
1525 4613 1560 4680 δι’

333 4721 473 4789 ἀσθένειαν
496 4736 542 4789 τοῦ
567 4721 694 4805 σώματος
713 4724 743 4786 od
763 4724 911 4803 δυνάμενον
931 4729 1019 4808 ρὲρειν
1039 4725 1086 4787 τὸν
1110 4724 1234 4808 εἱργμόν,
1256 4719 1408 4810 ἀποδρᾶναι
1426 4723 1491 4799 τοὺς
1509 4722 1562 4804 μὲν
