3568 5472
536 448 579 496 nn
602 448 793 498 rnurnncru
816 452 935 500 comcs
958 452 1180 502 κατακτείνει.
1430 437 1473 503 39
1592 507 1594 512 ,

246 573 440 660 scriptorem
462 573 628 659 exempla,
654 575 694 640 ut
715 576 776 641 vit.
803 575 1008 642 Alemonam·
1033 596 1061 642 c.
1084 576 1131 642 VI
1152 596 1160 641 :
1196 577 1262 644 Τῶν
1288 579 1319 645 δὲ
1342 584 1405 666 περὶ
1427 583 1474 647 τὸν

246 684 388 749 Φίλιππον
413 683 448 764 ἧν
479 679 584 767 ἀγωνία
602 685 649 748 καί
675 686 738 768 σιγὴ
756 687 787 750 τὸ
805 692 925 771 πρῶτον.
941 683 1013 750 Vit.
1039 684 1164 750 Marii
1182 705 1211 751 c.
1242 685 1377 752 XLIII:
1408 688 1474 753 Τῶν

246 797 332 877 φίλων
356 794 471 856 ἕκαστον
491 787 613 875 ἀγωνίας
636 795 734 874 μεστὸν
754 790 833 858 εἶναι.
859 790 920 857 Sed
943 812 985 858 ne
1004 793 1194 876 sicquidem
1209 791 1316 858 locum
1334 795 1368 859 in
1388 799 1473 880 pris·
1574 776 1579 785 ⁹

245 900 352 965 tinum
367 897 510 963 nitorem
523 897 687 963 redditum
702 899 852 964 concedo.
871 900 939 966 Cur
953 901 1041 965 enim
1056 921 1121 966 non
1138 901 1362 968 interclaudat
1377 909 1475 989 ρίίσυς

245 1005 362 1092 copula
381 1011 428 1072 καί
444 1005 632 1090 compareat
645 1005 757 1072 eodem
777 1005 873 1072 modo
891 1026 929 1073 ac
949 1006 1064 1073 deinde
1079 1007 1258 1094 καίηθίντυς
1276 1015 1324 1076 καί
1342 1010 1475 1088 διαὸολὰς

244 1119 292 1180 καί
311 1111 433 1198 ἀγωνίας
452 1111 617 1187 scribitur,
641 1133 708 1177 non
738 1114 819 1179 satis
839 1111 1007 1199 intellego,
1029 1113 1163 1180 Accedit
1189 1115 1229 1180 ut
1256 1117 1362 1182 oratio
1389 1135 1473 1202 quae

245 1223 279 1287 in
307 1207 443 1288 verbum
470 1217 591 1305 ἀγωνίας
620 1219 759 1300 desinit,
782 1220 853 1307 jam
871 1242 936 1286 non
962 1221 1019 1286 illo
1045 1227 1143 1308 ρίίους
1168 1222 1340 1310 indigeat:
1363 1223 1474 1308 itaque

245 1327 416 1395 molestam
431 1327 516 1392 hanc
530 1346 642 1392 vocem
661 1326 831 1393 delendam
850 1347 976 1394 censeo.

289 1471 343 1538 86.
370 1448 634 1537 Demosthfvit.
661 1491 689 1537 c.
712 1470 841 1536 XXVII
870 1492 877 1538 :
901 1471 947 1538 Τα
970 1471 994 1539 δ’
1017 1469 1178 1555 Ἑλληνικὰ
1197 1479 1354 1542 συνίσταντο
1372 1478 1470 1543 πσίλιν.

245 1579 380 1645 Rectius
395 1598 468 1644 cum
485 1578 515 1645 N
530 1598 667 1663 repones
683 1583 833 1646 συνίστατο.

289 1725 343 1788 87.
369 1723 492 1787 ibid:
520 1723 703 1806 Δημοσθένης
728 1726 759 1790 δέ
781 1737 839 1802 τοῖς
864 1725 896 1804 ἐξ
921 1727 1028 1803 ἄστεως
1047 1725 1108 1809 (sic
1133 1725 1164 1794 N
1190 1745 1250 1812 pro
1272 1731 1369 1805 ἄστεος
1386 1727 1473 1811 quod

244 1830 344 1916 vulgo
368 1829 504 1916 legitur)
530 1837 705 1918 πρεσίειίουσι
733 1833 887 1919 προσμίξας
918 1836 1014 1900 ἑαυτὸν
1042 1834 1192 1919 ἠγώνιζετο
1216 1839 1264 1901 καὶ
1292 1841 1472 1922 συνέπραττεν

245 1943 321 2018 ’ὁπως
335 1947 362 2005 αἱ
376 1945 474 2015 πόλεις
484 1947 703 2022 συνεπιθήσονται
713 1955 771 2018 τοῖς
785 1942 931 2008 Μακεδόσι
945 1946 1011 2008 κτλ.
1029 1941 1144 2007 Malim
1156 1943 1241 2027 quod
1258 1943 1332 2010 inN
1346 1942 1473 2027 reperio

244 2048 410 2130 καταμίξας.
441 2045 490 2112 Cf.
517 2047 717 2114 Publicolae
740 2049 800 2114 vll.
827 2069 855 2114 c.
884 2050 942 2129 III,
971 2049 993 2114 l.
1021 2050 1064 2115 29
1087 2070 1094 2115 :
1117 2051 1331 2134 Καταμίξαντες
1360 2035 1473 2128 ἑαυτοὺς

244 2157 283 2233 είς
310 2161 393 2240 γένος
415 2160 491 2238 μέγα
517 2157 548 2219 τὸ
570 2163 624 2219 τῶν
653 2156 826 2242 Ταρκυνίων.
858 2155 950 2222 Ibid.
973 2157 1047 2236 VII,
1079 2157 1119 2233 93
1149 2157 1235 2223 Fab.
1263 2157 1379 2236 Mada,
1405 2156 1469 2233 IX3

247 2261 395 2341 Coriol„
416 2260 542 2342 XVIII,
559 2262 623 2338 313
647 2259 808 2342 Caesam,
826 2263 933 2351 XLVI
950 2264 983 2329 et
1000 2263 1133 2344 LXVII,
1151 2265 1213 2331 etc.
1236 2265 1345 2330 Unum
1364 2264 1472 2329 locum

244 2368 372 2449 addam,
402 2387 498 2451 quem
524 2368 707 2434 exscribam
735 2369 844 2434 Arati
869 2371 929 2437 vit.
962 2391 990 2435 c.
1025 2371 1072 2437 XI
1102 2391 1109 2436 :
1145 2371 1226 2440 Ἐπεί
1254 2373 1386 2456 κατέμιξε
1415 2383 1473 2449 τοῖς

250 2474 377 2561 Ἀχαίας
404 2483 511 2542 ἑαυτόν.
546 2475 614 2540 Ηοσ
645 2476 836 2541 constanter
860 2471 1040 2570 composito
1074 2499 1153 2543 usus
1187 2480 1238 2544 est
1270 2478 1471 2544 Plutarchus

243 2583 354 2649 noster
383 2603 390 2647 :
416 2603 520 2668 nequo
539 2583 620 2648 alias
639 2582 724 2668 apud
742 2603 814 2648 eum
838 2586 972 2650 memini
992 2605 1043 2650 me
1067 2585 1176 2671 legere
1193 2586 1300 2651 active
1323 2586 1471 2673 προσμῖξαι

242 2711 301 2774 pro
334 2691 390 2755 illo
422 2693 570 2773 καταμῖξαι
608 2691 822 2776 usurpatum,
866 2692 931 2757 nisi
964 2692 1026 2758 hoc
1068 2693 1129 2760 vit.
1169 2693 1364 2759 Phocionis
1399 2693 1471 2758 loco

243 2801 284 2882 (c.
307 2798 398 2884 VI).:
420 2798 500 2876 Νέας
524 2798 548 2865 δ’
574 2795 611 2864 ὢν
637 2801 749 2888 Χαὸρίᾳ
767 2801 932 2886 προσέμιξεν
952 2804 1048 2866 ἑαυτὸν
1066 2809 1106 2887 τῷ
1131 2809 1288 2888 στρατηγῷ.
1317 2798 1470 2866 Celerum

242 2905 324 2971 solet
355 2905 555 2972 Plutarchus
592 2909 739 2994 προσμῖξαι
771 2906 926 2972 neutrum
958 2927 1137 2992 usurpare,
1173 2906 1212 2972 ut
1243 2907 1306 2974 vu.
1344 2905 1473 2973 Crassi
1543 2977 1545 2982 ,

242 3034 269 3090 c.
283 3013 415 3079 XXVII
433 3033 440 3078 :
459 3014 546 3098 Πλὴν
560 3019 721 3102 τριακοσίων
734 3021 838 3080 ἱππέων
851 3021 899 3092 οὓς
916 3012 1051 3100 Ἰγνάτιος
1064 3014 1236 3096 (ΓνάτιοςΝ
1247 3034 1320 3079 cum
1331 3012 1472 3080 Pseudo·

241 3121 404 3206 Appiano)
424 3126 496 3206 ἔχων
511 3122 659 3207 προσέμιξε
680 3135 741 3198 ταῖς
765 3124 892 3209 Κάρραις
918 3127 980 3208 περὶ
1000 3129 1087 3204 μέσας
1105 3127 1216 3197 νύκτας.
1251 3119 1295 3186 Ul
1321 3140 1400 3186 vero
1428 3122 1470 3188 ad

241 3227 347 3294 locum
373 3229 434 3296 vit.
467 3229 647 3294 Demostb.
677 3230 763 3294 unde
791 3230 957 3316 digressus
984 3250 1058 3295 sum
1085 3229 1257 3308 revertar,
1287 3227 1402 3293 utrum
1430 3229 1470 3295 ob

241 3335 486 3405 similitudinem
511 3337 668 3422 siglorum
697 3337 814 3422 quibus
838 3338 1095 3424 praepositiones
1125 3340 1195 3424 πρὸς
1221 3337 1254 3401 et
1280 3336 1352 3402 κατὰ
1377 3338 1470 3402 nota·

241 3443 363 3509 bantur
381 3463 422 3508 an
443 3445 619 3530 superioris
645 3444 798 3511 vocabuli
823 3451 1000 3536 πρεσίείσυσι
1026 3442 1154 3521 effectu,
1181 3443 1360 3529 genuinum
1375 3442 1469 3532 ‚illud

239 3551 394 3634 καταμίξας
413 3552 443 3616 ίυ
465 3553 618 3638 προσμίξας
636 3551 861 3617 adulteratum
880 3551 936 3632 sit,
958 3555 993 3616 in
1012 3551 1118 3616 medio
1137 3551 1299 3635 relinquo.
1457 3561 1459 3566 '

285 3704 339 3768 88.
366 3700 548 3768 Demoalk.
572 3703 632 3768 vil.
655 3724 683 3769 c.
705 3703 853 3769 XXVIII
875 3724 883 3768 ε
903 3701 1067 3791 Ἕρμιππος
1092 3705 1123 3770 δέ
1150 3707 1196 3770 τὸν
1222 3701 1340 3790 Ἀρχίαν
1361 3706 1389 3769 ἐν
1411 3715 1469 3780 τοῖς

239 3810 382 3898 Λακρίτου
396 3824 444 3876 τοῦ
459 3817 574 3897 ῥήτορος
589 3814 712 3894 μαθητὴν
729 3809 890 3898 οόναγροὶρει.
908 3811 1101 3895 Quanquam
1115 3813 1240 3894 μαθητὴν
1254 3809 1334 3875 ferri
1347 3809 1466 3896 potest,

239 3918 357 3982 melius
377 3923 488 3983 tamen
508 3938 581 3984 cum
600 3917 630 3984 N
649 3917 757 3983 codice
772 3926 907 4001 μαθηταῖς
928 3917 1120 3984 scribatur:
1141 3918 1226 4002 quod
1241 3917 1311 4004 jam
1332 3917 1469 4002 occupa·

239 4026 362 4090 verunt
380 4026 413 4091 et
426 4025 648 4110 Hlaronymus
662 4024 760 4092 Wolf
776 4025 810 4090 et
827 4026 933 4092 Moses
948 4025 992 4091 du
1009 4024 1086 4090 Soul
1103 4026 1137 4091 ot
1150 4024 1269 4091 Reiske
1288 4024 1420 4109 aliique.

284 4186 338 4251 89.
366 4185 457 4251 Ibt'd.
479 4205 507 4252 c.
526 4185 637 4250 XXIX
658 4205 665 4250 :
687 4186 745 4252 Τὸν
761 4189 790 4253 δέ
806 4187 987 4270 Δημοσθένην
1002 4191 1156 4268 πυθόμενος
1172 4191 1263 4268 ἱκέτην
1278 4188 1306 4250 ἐν
1317 4186 1469 4272 Καλαυρίᾳ

240 4295 268 4357 ἐν
287 4301 326 4378 τῷ
348 4299 412 4380 ἱερῷ
432 4293 610 4371 Ποσειδῶνος
628 4301 789 4372 καθέζεσθαι
808 4298 874 4360 κτλ.
901 4293 1005 4359 Gravi
1025 4291 1155 4358 laborat
1178 4292 1233 4357 hic
1250 4293 1341 4358 locus
1359 4291 1465 4356 hiatu

239 4398 295 4465 Nil
307 4397 384 4463 iacit
398 4400 437 4464 ad
447 4420 516 4465 rem
528 4384 612 4484 quod
624 4399 783 4465 articulus
793 4415 839 4467 τσῦ
850 4401 927 4466 ante
936 4401 1115 4478 Ποσειδῶνας
1125 4401 1158 4464 in
1170 4398 1313 4472 codiceN
1321 4397 1465 4479 additur,

156 4509 158 4511 ’
239 4504 272 4569 ot
293 4504 361 4570 scre
388 4507 550 4587 similiter,
577 4507 633 4572 sed
652 4507 750 4572 aliter
771 4507 881 4574 uerbis
900 4507 1077 4589 collocatis
1100 4508 1133 4571 in
1155 4508 1221 4574 Vc't.
1248 4507 1369 4571 decem
1388 4524 1470 4570 ora-

240 4619 306 4679 tor.
321 4633 348 4677 e.
362 4615 463 4694 XLII,
475 4636 507 4701 p.
518 4615 628 4694 846·7,
643 4614 765 4700 legitur
783 4636 789 4680 τ
805 4617 949 4692 Καθέζετο
966 4622 1059 4697 ἱκέτης
1073 4618 1107 4680 ἐν
1121 4623 1164 4700 τῷ
1179 4627 1236 4679 τοῦ
1253 4614 1469 4689 Ποσειδῶνος

239 4727 330 4808 ἱερῷ.
352 4721 575 4788 Nihilominus
594 4721 681 4785 enim
700 4740 797 4787 aures
820 4719 956 4786 offendit
976 4718 1209 4785 inplutarcho
1227 4718 1281 4783 ille
1304 4717 1469 4783 vocalium
