3568 5472
315 433 360 498 24
839 445 868 493 o.
895 443 1024 494 esnux.

317 576 413 644 Nunc
430 593 508 642 vero
527 571 722 655 ubicumque
740 570 793 637 vel
812 571 876 637 hoo
894 570 1090 636 vocabulum
1117 569 1271 659 Ἀριάμνης
1285 570 1339 637 vel
1358 575 1495 660 βάρὸαρος
1510 573 1544 638 in

223 763 225 768 Ι
317 685 393 752 istis
406 683 549 749 familiae
560 701 659 767 quam
670 680 866 746 deteriorem
879 677 1028 770 ducimus
1043 677 1209 745 codicibus
1223 679 1356 745 obviam
1366 677 1415 760 fit,
1427 671 1545 746 ”Asta-

319 791 506 880 pegquidem
518 789 604 875 apud
618 787 962 873 PseudoAppianum‚
975 785 1123 873 Ἃγόαρνς
1136 787 1246 852 autem
1262 786 1362 874 (quod
1379 786 1446 853 lere
1461 787 1545 853 idem

317 898 422 984 valet)
435 900 467 964 in
479 895 588 962 codice
601 894 789 962 Matritensi
804 892 993 962 constanter
1006 913 1064 979 pro
1075 913 1113 959 eo
1123 893 1337 959 substitutum
1347 893 1397 960 est
1410 915 1417 960 :
1430 915 1471 960 ex
1480 916 1544 980 quo

318 1008 501 1073 necessario
511 1004 561 1070 est
570 1001 790 1090 colligendum
804 1001 865 1067 hoc
879 1020 1009 1081 nomen,
1023 1001 1093 1067 sive
1107 1010 1146 1089 τῷ
1161 1006 1179 1068 i
1193 1002 1263 1066 sive
1277 1011 1316 1090 τῷ
1331 1003 1354 1087 ἦ
1366 1001 1542 1083 scribatur,

318 1115 352 1178 in
365 1111 592 1179 vetustissimo
602 1109 660 1176 illo
674 1107 853 1195 exemplari
868 1129 909 1174 ex
924 1128 989 1193 quo
1003 1109 1033 1177 N
1053 1107 1155 1175 codex
1169 1128 1272 1193 aeque
1285 1109 1385 1193 atque
1400 1108 1545 1175 Pseudo·

318 1220 492 1307 Appianus
508 1218 647 1285 defluxit
659 1216 838 1283 exstitisse.
856 1217 970 1303 Neque
986 1236 1046 1304 ego
1061 1215 1148 1282 clare
1167 1216 1325 1302 perspicio
1339 1235 1400 1282 our
1408 1215 1546 1283 Carolus

319 1326 478 1407 Simonis,
497 1327 568 1410 qui,
591 1327 624 1390 in
646 1324 753 1390 altera
772 1324 883 1391 Crassi
902 1323 990 1390 vitae
1004 1324 1097 1408 parte
1115 1322 1329 1406 recensenda,
1348 1321 1459 1388 sedulo
1478 1321 1547 1387 fere
1572 1349 1574 1354 ·

318 1431 439 1519 pressit
462 1431 749 1518 PseudoAppiani
774 1431 929 1517 vestigia,
957 1429 1020 1495 hoc
1047 1449 1114 1495 uno
1145 1433 1180 1494 in
1209 1429 1278 1495 loco
1297 1450 1372 1496 eum
1397 1429 1547 1496 deserere

320 1540 485 1608 maluerit.

362 1694 431 1758 54²².
458 1691 683 1778 congruentia
701 1690 885 1777 scripturae
902 1691 988 1756 inter
1002 1689 1332 1776 Pseudo-Appianum
1354 1690 1386 1755 et
1404 1689 1547 1757 codicem

318 1801 511 1886 N(atqueA
526 1798 595 1866 etC
608 1798 874 1881 Sintenisianos)‚
890 1798 953 1864 etsi
967 1801 1002 1863 in
1013 1817 1051 1863 re
1066 1798 1378 1879 minimimomenti,
1391 1796 1545 1864 notanda.

318 1944 363 1958 -
377 1909 536 1990 Γενόμενος
550 1905 637 1991 quod
651 1905 804 1990 sequitur
824 1904 906 1970 nihil
919 1905 1011 1971 nobis
1025 1903 1152 1993 quidem
1169 1904 1287 1970 habere
1300 1905 1430 1972 videtur
1444 1903 1545 1970 offen·

320 2015 431 2095 sionis,
458 2011 660 2098 fidenterque
678 2011 890 2100 refragamur
914 2011 1031 2080 Carolo
1061 2009 1205 2077 Sintenis
1224 2019 1373 2098 γενόμενον
1398 2033 1415 2078 e
1439 2007 1548 2078 tnrbi·
1577 2057 1578 2062 ν

320 2121 370 2192 dis
384 2121 494 2186 nescio
509 2119 630 2204 quibus
645 2119 792 2186 fontibus
807 2121 842 2185 in
856 2119 1048 2187 contextum
1062 2119 1246 2206 reponenti.

364 2273 420 2338 55.
447 2271 650 2360 Παρατρέψας,
672 2291 732 2356 pro
750 2279 951 2359 παραπέμψας,
975 2271 1009 2336 in
1027 2270 1180 2339 codioeN
1200 2270 1264 2356 legi
1281 2270 1463 2356 putandum
1480 2272 1544 2354 est,

320 2391 425 2465 neque
445 2378 556 2444 tamen
571 2377 740 2444 affirmare
754 2379 860 2444 ausim
875 2398 882 2444 :
899 2415 944 2428 -
960 2378 1109 2464 idemque
1123 2376 1278 2464 profiteor
1291 2377 1329 2444 de
1344 2381 1547 2467 φιλορρώμαιον

321 2485 407 2574 quod
427 2485 526 2572 paulo
548 2486 625 2550 ante
652 2485 744 2552 etde
767 2483 841 2550 aliis
862 2486 944 2550 satis
969 2486 1085 2551 multis
1109 2486 1280 2554 vocabulis
1304 2507 1386 2572 quae
1410 2485 1547 2553 inferius

207 2606 210 2612 '
320 2595 407 2664 inter
430 2593 591 2660 cancellos
612 2593 646 2680 []
668 2593 899 2672 invenientur;
931 2614 1007 2659 nam
1035 2613 1109 2660 cum
1134 2593 1194 2659 has
1218 2596 1397 2681 scripturas
1421 2615 1545 2676 omnes,

302 2703 435 2790 ¹utpote
461 2702 618 2789 potiores
641 2701 711 2788 jam
741 2701 918 2790 adsciverit
946 2721 988 2766 ex
1021 2701 1089 2767 sola
1117 2702 1408 2789 Pseudo-Appiani
1436 2704 1549 2768 aucto-

224 2892 226 2896 ·
321 2811 420 2878 ritate
449 2809 586 2876 Carolus
610 2806 755 2874 Sintenis
782 2809 853 2876 sive
880 2811 913 2874 in
938 2807 1078 2893 utraque
1100 2808 1243 2874 editione
1271 2811 1341 2876 sive
1367 2809 1484 2877 saltem
1514 2812 1548 2876 in

321 2917 512 2997 novissima,
533 2935 631 3000 quam
647 2936 707 3002 ego
724 2937 797 2981 oum
818 2916 925 2983 codice
939 2916 1128 2982 Matritensi
1142 2915 1280 2998 contuli,
1297 2916 1368 2983 fieri
1383 2919 1492 3005 potuit
1509 2920 1548 2984 ut

321 3044 557 3109 nonnunquam
576 3024 677 3090 aliam
696 3025 730 3089 in
752 3023 861 3090 codice
880 3025 979 3111 atque
998 3025 1033 3088 in
1051 3023 1137 3090 libro
1156 3044 1276 3091 excuso
1292 3026 1421 3092 exstare
1435 3025 1548 3092 lectio-

322 3154 398 3199 nem
421 3152 487 3198 non
519 3131 833 3212 animadverterem,
865 3132 1000 3218 ideoque
1023 3153 1097 3198 cum
1124 3132 1420 3220 Pseudo-Appiano
1444 3131 1548 3199 facere

319 3239 549 3308 ¹Matritensem
567 3235 727 3305 'nostrum
757 3238 839 3305 falso
862 3239 1042 3322 crederem,
1074 3260 1148 3306 cnm
1177 3240 1292 3306 contra
1323 3241 1446 3307 faceret
1465 3262 1547 3307 oum

322 3347 472 3435 vulgata.
505 3348 596 3424 Quod
629 3348 740 3412 tamen
768 3347 936 3412 rarissime
960 3347 1116 3413 accidisse
1138 3367 1211 3433 spes
1240 3348 1323 3413 mihi
1350 3349 1412 3416 est.
1426 3349 1549 3415 Obser-

323 3453 467 3520 vandum
490 3455 542 3521 est
565 3455 676 3520 autem
699 3453 798 3519 semel
826 3453 1009 3540 scripturas
1034 3473 1091 3521 eas
1118 3453 1220 3520 codici
1246 3455 1276 3521 N
1304 3455 1448 3523 tributas
1472 3476 1549 3522 can·

322 3559 477 3645 cellisque
491 3562 622 3647 saeptas
641 3562 780 3627 maximi
798 3561 867 3628 fere
885 3560 1063 3644 faciendae,
1091 3564 1210 3649 quippe
1229 3583 1310 3648 quas
1321 3565 1392 3652 jam
1411 3565 1548 3632 Carolus

323 3665 480 3748 Sintenis‚
497 3671 566 3735 suis
585 3669 704 3756 spretis
718 3667 894 3751 codicibus
913 3689 933 3735 a
950 3668 1246 3757 Pseudo-Appiano
1261 3673 1430 3738 mutuatus
1446 3673 1501 3740 sit.

366 3818 421 3884 56.
448 3818 488 3883 ln
512 3819 634 3886 absona
657 3819 720 3886 ista
745 3821 882 3887 lectione
904 3823 1026 3908 ἠπείρων
1051 3822 1217 3889 consentit
1242 3822 1272 3890 N
1292 3842 1367 3890 oum
1395 3824 1545 3911 vulgata,

318 3927 453 4014 jamque
466 3927 536 3993 solo
549 3927 835 4016 Pseudo-Appiani
849 3929 1037 3995 testimonio
1051 3949 1184 3995 manum
1197 3930 1370 3997 Plutarchi
1384 3931 1545 3998 tenemus.

294 4135 296 4138 .
365 4071 421 4136 57.
447 4063 616 4139 Immerito
630 4093 683 4140 me
698 4072 830 4157 quidem
842 4071 952 4161 judice
965 4053 1154 4160 repudiavit
1170 4073 1307 4142 Carolus
1325 4073 1471 4141 Sinteuis
1490 4095 1550 4142 an·
1609 4125 1612 4132 ‚

321 4179 447 4264 tiquam
462 4180 718 4268 Stephanianam
732 4182 903 4267 vulgatam
923 4189 1104 4269 συμφέρεσθαι
1119 4202 1217 4267 quam
1237 4181 1383 4278 codicum
1397 4182 1439 4264 N,
1457 4184 1494 4265 C,
1511 4205 1549 4252 ac

321 4453 350 4512 τῇ
362 4446 433 4523 τρίτῃ
443 4447 456 4499 d
467 4443 539 4508 αὐτὸς
549 4449 682 4516 Φύλαρχος
696 4446 827 4516 Ἀριάμνην
842 4450 901 4514 φησὶ
912 4449 955 4501 τὸν
969 4446 1081 4512 Γαλάτην
1094 4447 1277 4502 πλουσιώτατον
1289 4449 1349 4504 duta
1359 4446 1549 4517 ἐπαγγείλασθαι

322 4519 433 4571 ἱστιᾶσαι
445 4518 556 4579 Γαλάτας
568 4519 660 4579 πάντας
679 4521 788 4572 ἐνιαυτὸν
806 4525 870 4582 κτλ,
886 4519 932 4570 sed
945 4527 1049 4570 αππιαν
1062 4534 1112 4570 vox
1125 4527 1220 4584 parum
1233 4521 1326 4571 celtice
1340 4527 1423 4583 sonet,
1442 4523 1549 4573 credam

321 4589 481 4640 Armenium
493 4591 628 4642 hominem
641 4607 689 4658 per
698 4591 800 4642 medios
811 4591 929 4655 Galatas,
943 4595 1035 4657 utpote
1044 4591 1157 4655 vicinos,
1169 4593 1318 4644 consedisse
1330 4598 1409 4658 atque
1422 4592 1548 4645 intereos

322 4659 379 4779 sivlp
390 4660 480 4726 ipsum
490 4663 547 4713 sive
559 4671 727 4731 posterorum
739 4663 859 4728 aliquem
871 4677 903 4714 ea
912 4663 1072 4716 auctoritate
1083 4669 1163 4728 atque
1173 4663 1275 4715 divitiis
1288 4665 1405 4730 potitum
1417 4679 1474 4715 esse
1483 4679 1549 4730 quas

321 4732 358 4781 nt
378 4745 474 4784 cnaeus
486 4733 575 4786 refert.
1074 4763 1077 4772 ·
