3568 5472
313 441 354 507 12
832 459 862 507 c.
889 457 1018 506 uranx.

311 583 346 652 Si
361 583 508 651 notasset
521 584 754 669 sagacissimus
766 583 880 652 corais
898 605 963 651 non
984 585 1178 670 Δημοσθένην,
1198 586 1255 653 sed
1275 587 1441 672 Δημοσθένη
1459 591 1540 658 scri-

311 694 402 780 ptum
432 693 563 758 exstare
584 692 617 756 in
642 691 806 778 plerisque
831 691 996 758 codicibus
1021 694 1264 779 manuscriptis,
1283 714 1378 762 casus
1393 696 1538 782 profecto

311 799 513 880 invertisset,
530 799 568 864 ut
588 799 755 882 Δημοσθένη
775 799 808 862 in
833 818 947 865 vocem
962 798 1108 885 ejusdem
1130 801 1202 865 soni
1232 802 1405 884 Δημοσθένει
1417 803 1535 883 abiret,

310 907 441 973 servato
455 906 643 972 accusativo
658 907 819 992 Κικέρωνα,
842 905 942 990 atque
962 906 1010 971 ita
1025 905 1121 991 plane
1141 907 1312 973 incidisset
1331 910 1364 974 in
1384 909 1491 979 nostri
1508 910 1537 977 N

310 1012 429 1082 codicis
448 1013 635 1102 lectionem,
661 1031 759 1097 quam
781 1013 851 1078 sine
875 1013 944 1077 ullo
963 1011 1073 1092 dubio,
1094 1018 1140 1080 τὸν
1154 1017 1236 1082 αὑτοῦ
1252 1015 1286 1080 in
1300 1019 1346 1082 τὸν
1365 1019 1446 1084 αὐτόν
1463 1037 1537 1084 cum
1606 1000 1609 1007 ¹

310 1121 463 1187 omnibus
477 1119 550 1186 aliis
566 1118 659 1185 libris
672 1119 811 1200 mutatu,
830 1119 1082 1205 amplexandam
1097 1141 1276 1188 censemus.
1297 1124 1375 1194 Inde
1390 1126 1538 1209 seqnitur

309 1248 511 1296 communem
535 1227 680 1293 codicum
703 1226 733 1291 A
752 1227 778 1292 B
797 1228 824 1292 D
846 1227 873 1292 E
892 1227 972 1318 etN
998 1227 1203 1294 Matritensis
1230 1227 1402 1296 lectionem
1426 1234 1465 1310 είς
1487 1235 1536 1316 τὴν

309 1343 383 1423 ρθσιν
406 1338 487 1403 circu
512 1335 591 1418 (non
610 1335 714 1417 αὐτῶν)
737 1334 888 1419 protinus
911 1355 984 1400 esse
1012 1336 1243 1405 revocandam.
1273 1338 1412 1422 Jamque
1436 1340 1535 1405 unius

309 1444 423 1509 eximii
442 1441 518 1506 libri
544 1461 603 1526 ope
631 1438 707 1506 fluit
732 1441 894 1532 sententia
919 1443 989 1507 sine
1016 1441 1143 1509 dicendi
1165 1443 1365 1525 temeritate,
1389 1465 1449 1512 nec
1467 1446 1536 1510 sine
1614 1449 1628 1460 ’“

308 1550 520 1636 simplicitate
539 1551 598 1616 aut
622 1549 798 1636 elegantia.

351 1693 408 1761 30.
440 1693 629 1772 Ἐκπεσόντας
639 1695 669 1759 δέ
681 1707 731 1776 της
740 1700 870 1781 πατρίδος
880 1695 990 1760 minus
1001 1694 1108 1780 placet
1117 1715 1215 1782 quam
1226 1706 1280 1763 τῶν
1295 1703 1444 1785 πατρίδων,
1459 1717 1533 1763 nam

308 1798 427 1884 plurali
441 1800 599 1866 libentius
613 1819 750 1866 numero
762 1799 796 1864 in
813 1799 873 1866 tali
891 1800 1058 1867 sententia
1072 1803 1189 1869 Graeci
1207 1802 1398 1871 utebantur.

351 1941 407 2007 31.
430 1944 500 2022 Καὶ,
529 1946 651 2023 etium,
681 1941 762 2032 bene
791 1944 925 2030 ponitur
951 1945 985 2009 in
1008 1944 1125 2010 ultimo
1150 1945 1250 2032 hujus
1277 1945 1534 2013 enumerationis

308 2049 464 2115 membro.

263 2268 265 2275 Ι
353 2190 408 2256 32.
436 2193 500 2257 Μέν
519 2190 648 2259 delebat
667 2194 832 2259 Henricus
850 2191 1014 2275 Schaeier‚
1026 2192 1185 2280 'idemque
1205 2193 1284 2261 fecit
1302 2163 1440 2262 Carolus
1461 2194 1534 2261 Sin·

307 2299 402 2391 tanis¹
414 2299 448 2363 in
467 2298 610 2365 editione
624 2300 852 2366 Teubneriana
867 2301 1015 2366 minore:
1033 2321 1130 2401 quam
1146 2302 1324 2388 sapienter,
1342 2323 1430 2367 nnnc
1443 2303 1533 2389 patet

307 2427 349 2471 ex
368 2405 398 2472 N
412 2406 545 2474 eandem
560 2408 712 2474 voculam
731 2407 917 2494 omittente.

721 2665 913 2728 Demosth.
937 2664 1003 2728 vit.
1026 2683 1057 2729 c.
1081 2666 1118 2728 4.

351 2852 535 2935 Δημοσθένης
553 2858 567 2918 θ
587 2855 677 2939 πατὴρ
693 2852 889 2935 Δημοσθένους
903 2855 936 2937 ἦν
956 2856 1007 2936 μέν
1025 2863 1079 2921 τῶν
1097 2859 1194 2921 καλῶν
1214 2861 1262 2922 καί
1281 2853 1393 2942 ἀγαθῶν
1410 2854 1528 2944 ἀνδρῶν,

306 3009 345 3082 ῶς
366 3011 467 3090 ἱστορεῖ
485 3003 668 3086 Θεόπομπος,
691 3007 855 3072 ἐπεκαλεῖτο
875 3007 905 3071 δὲ
926 3010 1127 3093 μαχαιροποιός
1152 3009 1331 3095 ἐργαστήριον
1352 3011 1426 3093 ἔχων
1454 3016 1529 3094 μέγα

1038 3139 1042 3148 .
1095 3129 1119 3179 δ,

305 3197 352 3259 καί
366 3197 483 3270 δούλους
500 3197 627 3277 τεχνίτας
644 3194 708 3270 τοθς
726 3205 805 3260 τοῦτο
824 3195 1006 3279 πράττοντας.
1031 3189 1071 3259 Ἃ
1086 3196 1117 3259 δέ
1135 3194 1273 3280 Αἰσχίνης
1291 3200 1307 3259 θ
1326 3201 1417 3281 ῥητωρ
1437 3201 1531 3281 είρηκε

304 3337 366 3421 περί
383 3347 434 3418 της
453 3339 567 3420 μητρός,
590 3339 629 3412 ῶς
648 3338 681 3401 ἐκ
700 3335 836 3413 Γύλωνός
854 3360 927 3412 τινος
946 3333 989 3401 ἐπ’
1012 3336 1084 3422 αἰτίᾳ
1107 3341 1255 3422 προδοσίας
1279 3343 1411 3422 ρυγθντος
1426 3332 1479 3420 (³³)
1500 3338 1530 3415 ἐξ

305 3528 402 3600 ἄστεος
416 3528 527 3607 γεγόνοι
541 3527 588 3589 καί
603 3527 741 3610 βαρθάρου
756 3531 897 3609 γυναικός,
919 3527 970 3591 ούκ
989 3531 1092 3611 ἔχομεν
1113 3525 1197 3592 εἰπεῖν
1218 3479 1273 3591 ἐίέε
1288 3522 1403 3608 άληθῶς
1421 3533 1530 3613 είρηκεν

305 3718 360 3777 είτε
378 3715 550 3800 βλασφημῶν
568 3716 616 3779 καί
633 3717 886 3797 καταψευδόμενος.
911 3711 1107 3799 Ἀπολειρθείς
1127 3651 1157 3780 δδέ
1176 3720 1191 3779 θ
1211 3714 1393 3797 Δημοσθένης
1411 3715 1463 3781 ὑπὸ
1482 3726 1528 3781 τού

980 3847 1096 3905 ἀπέλιπεν
1109 3848 1125 3918 ἦ
1136 3853 1258 3920 σύμπασα
1272 3853 1320 3914 (³4)

304 3921 407 4007 πατρὸς
426 3926 560 4002 ἑπταέτης
580 3920 609 3984 ἐν
629 3919 743 4006 εὐπορίᾳ
766 3919 878 4006 (μικρὸν
901 3917 956 4006 γάρ
981 3916 1101 3986 ἀπέλιπε
1125 3925 1256 4003 σύμπασα
1279 3928 1297 4002 ἡ
1316 3926 1423 4002 τίμησις
1446 3921 1528 3986 αύτοΰ

303 4063 464 4147 τῆςούσίας
478 4067 675 4130 πεντεκαίδεκα
690 4062 848 4145 ταλάντων)
863 4065 915 4129 ὑπό
929 4069 983 4129 τῶν
1003 4065 1156 4150 ἐπιτρόπων
1171 4066 1302 4148 ἠδικήθη,
1320 4062 1356 4129 τά
1370 4064 1420 4146 μὲν
1434 4087 1527 4148 νοσρι-

531 4187 553 4236 δ’
1262 4245 1265 4252 ⁴

304 4257 440 4335 σοιμένων,
467 4250 502 4317 τόν
527 4252 557 4316 δέ
583 4246 795 4334 ἀμελησάντων,
823 4251 893 4316 ὥστε
911 4252 959 4317 καί
982 4257 1037 4317 τῶν
1060 4253 1236 4316 διδασκάλων
1263 4251 1343 4317 αύτοῠ
1364 4253 1411 4318 τὸν
1432 4253 1527 4332 μισθόν

677 4385 750 4432 τοῦτο
763 4379 810 4440 (35)

302 4443 498 4532 ἀποστερῆσαι.
518 4444 574 4511 Διά
592 4471 624 4511 τε
637 4447 672 4529 δίη
698 4458 785 4511 ταῦτα
811 4453 865 4512 τῶν
880 4447 1012 4527 ἐμμελῶν
1026 4449 1073 4512 καί
1087 4452 1282 4533 προσηκόντων
1298 4449 1438 4534 ἐλευθέρῳ
1452 4451 1527 4513 παιδί

302 4591 472 4671 μαθημάτων
492 4585 655 4666 ἀπαίδευτος
674 4594 752 4654 δοκεῖΙ
768 4595 896 4674 γενέσθαι
914 4593 962 4655 καί
981 4588 1027 4655 διά
1043 4591 1092 4674 τὴν
1111 4589 1301 4672 τοῦσώματος
1319 4585 1460 4656 άοθένειαν
1478 4592 1526 4655 καί

302 4737 408 4818 θρύψιν,
427 4733 457 4797 σθ
472 4738 638 4818 προϊεμένης
655 4743 712 4808 τοῖς
731 4736 825 4809 πόνοις
844 4745 895 4812 τῆς
913 4733 1017 4818 μητρός
1035 4733 1116 4798 αύτθν
1136 4733 1199 4806 aaa
1214 4738 1453 4818 προσύιαζομένων
1471 4738 1525 4797 τῶν
