3568 5472
538 455 582 503 un
605 454 797 506 rnurnucru
821 455 942 504 comer
965 453 1185 503 murmurum.
1433 438 1474 504 41

249 573 344 671 κρίκον
375 588 546 669 περικεῖσθαι
578 569 825 667 πεφαρμαγμένον.
860 579 951 654 Quae
990 595 1064 646 c'um
1097 579 1146 645 ita
1178 577 1256 658 sint,
1292 597 1398 663 neque
1425 578 1478 644 hic

250 692 358 777 aptius
376 709 451 754 cum
471 688 582 754 dativo
600 707 698 772 quam
723 707 797 752 oum
821 687 1007 753 accusativo
1026 686 1299 773 praeposit—ionem
1321 691 1383 773 περὶ
1403 705 1477 752 con·

248 798 345 886 jungi
363 797 478 882 negari
499 795 618 882 possit,
641 796 737 878 atque
754 796 885 880 insuper
895 793 1054 878 quomodo
1070 815 1112 858 ex
1127 799 1189 880 περί
1203 798 1327 880 βραχίονι
1342 795 1477 877 (omisso

250 903 404 998 articulo)
419 904 531 968 ortum
550 902 595 967 sit
613 908 829 989 τεριοραχιίνιον
849 902 917 967 sole
941 901 1064 966 clarius
1078 900 1217 979 eluceat,
1247 900 1309 964 etsi
1333 920 1396 965 non
1418 921 1478 986 pro

251 1012 339 1080 certo
358 1010 523 1077 affirmare
541 991 660 1090 ausim,
684 1009 829 1075 attamen
850 1029 888 1075 eo
906 1008 1051 1074 adducor
1074 1007 1112 1073 ut
1136 1007 1268 1073 credam
1288 1013 1397 1094 φόρημα
1416 1012 1478 1093 περὶ

250 1128 289 1206 τῷ
313 1123 437 1206 βραχίονι
461 1116 572 1200 (circa
592 1117 795 1197 brachium,
810 1136 881 1199 pro
905 1117 1138 1198 ornamento)
1159 1113 1245 1200 ap'ud
1261 1112 1477 1180 Plutarchum

250 1226 431 1311 genuinum
450 1243 533 1294 esse.

295 1395 349 1460 92.
376 1391 558 1459 Demostd.
578 1393 639 1460 vit.
661 1413 690 1460 o.
707 1393 819 1458 XXXI
837 1413 844 1458 τ
864 1392 1001 1476 Δημάδην
1021 1395 1051 1460 δὲ
1071 1399 1171 1484 χρόνον
1191 1397 1221 1460 οὗ
1240 1395 1329 1461 πολὺν
1349 1391 1477 1461 άτολαά-

250 1528 335 1568 σοιιτα
347 1516 398 1584 τῆς
412 1507 547 1588 φυομένης
561 1501 645 1584 δόξης
662 1510 681 1585 ἡ
701 1502 897 1585 Δημοσθένους
912 1506 974 1583 δίκη
988 1511 1149 1588 κατήγαγεν
1169 1503 1208 1580 εἷς
1223 1503 1412 1584 Μακεδονίαν,
1431 1509 1478 1581 οὓς

251 1613 418 1678 ἐκολάκευεν
434 1611 555 1696 αἰσχρῶς
569 1614 621 1676 ὑπὸ
635 1618 737 1677 τούτων
752 1612 938 1692 ἐξολούμενον
958 1615 1070 1688 δικαίως
1088 1615 1152 1676 κτλ.
1167 1610 1280 1674 Primo
1299 1609 1478 1676 notandum

252 1716 425 1801 «quibus
452 1719 610 1800 turpiter
639 1716 825 1782 blanditus
853 1722 976 1783 crat»
1006 1716 1049 1782 ibi
1075 1718 1185 1803 aptius
1212 1736 1311 1801 quam
1337 1740 1355 1781 ιι
1379 1717 1479 1782 blan·

250 1825 418 1892 ddcdctur
447 1846 465 1887 ν
492 1825 565 1906 dici,
596 1825 733 1910 ideoque
756 1846 822 1891 non
846 1825 905 1892 abs
931 1847 968 1892 re
991 1826 1042 1891 est
1071 1829 1301 1894 ἐκολάκευσενε
1319 1823 1477 1891 codiceN

250 1932 408 1998 mutuari.
430 1933 515 2008 Quid
534 1933 646 1999 autem
665 1932 710 1998 sit
731 1934 835 2019 gloria
855 1934 911 1999 illa
926 1954 1091 2000 crescens
1112 1933 1274 2008 Demadis,
1296 1928 1477 1998 subobscu-

249 2060 324 2106 rum
345 2039 439 2105 nobis
461 2040 590 2124 quidem
615 2040 757 2106 videtur.
785 2040 906 2107 Nullus
922 2042 990 2128 jam
1014 2041 1129 2106 dubito
1143 2041 1223 2124 quin
1238 2041 1339 2106 codex
1359 2038 1478 2104 Matri-

248 2145 350 2212 tensis
370 2149 503 2212 manum
522 2148 692 2233 scriptoris
707 2149 901 2229 servaverit,
924 2150 957 2213 in
978 2168 1043 2233 quo
1062 2148 1185 2232 legitur
1203 2164 1253 2232 τῆς
1271 2153 1478 2231 μισουμένης

250 2256 343 2337 δόξης.
361 2253 412 2321 cf.
431 2257 638 2339 (quanquam
653 2277 787 2340 prorsus
802 2255 926 2321 similes
945 2256 1030 2321 locos
1047 2255 1181 2320 laudare
1203 2277 1270 2322 non
1290 2247 1476 2342 possumus)

250 2359 367 2426 ultima
392 2362 453 2427 vit.
486 2361 625 2428 δοκίων.
657 2363 758 2429 γετίνα
789 2381 796 2426 :
829 2362 950 2448 Διέφυγε
970 2363 993 2430 δ’
1018 2365 1107 2440 οὐδεὶς
1127 2366 1202 2447 πλὴν
1229 2363 1361 2448 Αὐφίδιος
1388 2369 1402 2426 ὁ
1429 2373 1477 2427 τοῦ

249 2469 385 2534 Μαλλίου
416 2466 582 2555 ἀντεραστής
613 2497 620 2510 ·
650 2469 728 2547 οὗτος
751 2473 781 2537 δὲ
803 2474 821 2555 ὴ
846 2467 942 2537 λαθὼν
963 2474 981 2555 ἢ
1005 2475 1215 2557 παραμεληθεὶς
1234 2476 1263 2535 ἔν
1282 2496 1331 2536 τινι
1347 2472 1477 2556 βαρίάριρ

248 2574 331 2660 κώμῃ
348 2582 500 2658 πενόμενος
520 2581 567 2643 καὶ
587 2585 750 2660 μισούμενος
768 2587 971 2664 κατεγήρασεν,
989 2578 1023 2643 et
1038 2578 1099 2644 vit.
1116 2576 1298 2643 Demostlt.
1320 2598 1348 2642 c.
1366 2576 1447 2641 XIV
1466 2595 1474 2639 :

249 2683 315 2748 Τῶν
333 2695 399 2767 γοῦν
418 2682 479 2748 κατ’
502 2686 582 2749 οιύτδν
603 2682 706 2768 (salso
725 2684 785 2767 μετ’
806 2688 886 2751 αὐτὸν
902 2686 952 2769 Ν)
972 2692 986 2751 δ
1006 2686 1126 2751 Φωκίων
1149 2687 1207 2750 οὐκ
1226 2688 1478 2766 ἐπαινουμένης

248 2791 447 2876 προιστάμενος
462 2796 651 2868 πολιτείας.

293 2957 349 3023 93.
374 2957 452 3024 rau
471 2959 666 3047 principium
686 2981 715 3027 ι.
740 2961 856 3027 xvru
874 2960 936 3026 vu.
962 2942 1154 3040 creemus,
1177 2960 1325 3045 qualem
1350 2958 1478 3025 uexa-

247 3065 358 3130 ratum
378 3066 490 3132 inveni
509 3065 616 3133 resero
638 3088 645 3133 :
669 3069 760 3135 Οὐδὲν
784 3065 830 3134 οὖν
849 3071 954 3135 ἐπενόει
973 3071 1060 3133 κακὸν
1080 3075 1095 3133 δ
1114 3068 1244 3144 Λέντλος
1263 3068 1381 3148 ἰάσιμον,
1406 3063 1475 3132 ἀλλ’

249 3176 377 3240 ἐδέδοκτο
395 3176 445 3257 τὴν,
459 3177 562 3258 βουλὴν
581 3175 691 3268 άπασαν
710 3173 829 3262 οἰναιρεῖν
849 3180 902 3259 καὶ,
914 3183 968 3240 τῶν
983 3173 1091 3260 (vulg.
1113 3175 1166 3241 τῶν
1181 3174 1220 3258 τ’)
1236 3178 1337 3240 ἄλλων
1355 3178 1477 3238 πολιτῶν

247 3281 328 3358 ’ὀσους
354 3285 476 3346 δύναιντο
499 3281 561 3364 (sio
587 3281 695 3350 ΝΑΙ)
722 3302 730 3348 :
757 3280 849 3368 vulg.
877 3282 1011 3364 δύναιτο),
1039 3290 1088 3366 τήν
1117 3307 1148 3348 τε
1180 3286 1262 3347 πόλιν
1293 3280 1400 3366 (vulg.
1428 3283 1477 3364 τήν

223 3423 227 3431 ·
248 3386 384 3469 πόλινδ’)
400 3389 483 3471 αὐτὴν
502 3391 723 3476 κατεμπιτράναι
745 3389 851 3475 (vulg.
873 3389 1126 3476 καταπιμπράναι),
1156 3394 1292 3474 φείδεσθαί
1310 3415 1340 3455 τε
1359 3390 1477 3470 μηδενὸς

247 3495 333 3578 ἡτῶν
349 3493 501 3574 Πομπηίου
516 3499 632 3560 τέκνων.
649 3494 738 3569 Quae
756 3495 790 3559 in
814 3494 942 3559 nullam
960 3494 1244 3580 reprehensionem
1259 3514 1331 3559 meo
1343 3492 1476 3577 quidem

244 3599 370 3686 judicio
387 3601 557 3665 incurrere
574 3601 745 3668 videntur.
764 3601 846 3668 Cum
864 3603 992 3667 veroin
1013 3602 1175 3668 codicibus
1199 3599 1396 3687 vulgaribus
1417 3620 1477 3685 pro

248 3707 354 3789 ἰάσιμον
375 3705 544 3794 legeretur
561 3713 579 3794 ἢ
603 3715 722 3793 ἄσημον,
751 3710 967 3776 mutaverunt
986 3711 1085 3796 primi
1104 3710 1244 3778 editores
1270 3715 1370 3791 κακόν,
1390 3706 1476 3792 quod

247 3833 312 3877 uon
333 3812 404 3899 jam
428 3814 618 3901 intellegere
637 3817 804 3902 poterant,
826 3818 860 3881 in
891 3815 970 3881 illud
991 3825 1099 3904 μικρόν,
1121 3817 1220 3903 quod,
1241 3817 1356 3882 contra
1375 3814 1476 3880 libros

247 3939 358 3986 omues
377 3940 475 3985 mauu
498 3922 650 4008 scriptos,
673 3923 788 3989 tenent
806 3905 840 3990 et
865 3923 991 3989 ceterae
1010 3924 1173 3991 editiones
1195 3945 1305 3990 omnes
1331 3923 1365 3989 et
1388 3924 1477 4009 ipsae

187 4037 190 4043 '
247 4026 496 4094 Sintenisianae.
541 4029 715 4115 Ceteroqui
743 4029 840 4096 Plato
870 4032 970 4116 (Leq.
1000 4030 1057 4096 lib.
1088 4032 1132 4112 V,
1161 4053 1193 4117 p.
1220 4031 1281 4096 731
1320 4033 1360 4112 u)
1385 4029 1477 4095 docet

247 4134 406 4218 quaedam
430 4138 507 4202 κακοί
525 4157 596 4202 esse
616 4139 723 4222 ἰάσιμα,
754 4138 821 4204 alia
844 4157 910 4202 uon
937 4137 1016 4202 item
1039 4157 1046 4203 :
1074 4138 1175 4206 Ἀλλὰ
1193 4140 1315 4215 ἐλεεινὸς
1334 4139 1385 4220 μὲν
1403 4141 1475 4204 πάν-

246 4268 303 4318 τως
324 4243 340 4311 'o'
364 4270 399 4328 γε
422 4249 517 4322 άδικος
541 4251 589 4313 καὶ
608 4246 681 4312 δτδι
708 4245 784 4312 κακά
812 4250 897 4331 ἔχων,
931 4247 1022 4311 ἐλεεῖν
1046 4248 1076 4312 δὲ
1103 4249 1150 4312 τὸν
1176 4246 1227 4328 μὲν
1254 4245 1350 4327 ἰάσιμα
1375 4251 1476 4332 ἔχοντα

248 4351 372 4436 ἐγχωρεῖ
387 4355 454 4417 κτλ.

292 4509 347 4576 94.
376 4509 535 4576 Οίθθνοίι.
558 4511 620 4577 vit.
642 4531 670 4578 c.
689 4511 802 4577 XXIV
825 4531 832 4576 :
855 4512 1013 4598 Κρατίππῳ
1033 4514 1063 4578 δὲ
1081 4521 1121 4598 τῷ
1140 4519 1344 4600 περιπατητικῷ
1363 4513 1475 4597 διεπρά-

248 4617 314 4694 ξατο
332 4619 383 4699 μὲν
408 4617 543 4704 Ῥωμαίῳ
557 4627 685 4705 γενέσθαι
703 4619 779 4706 παρὰ
795 4620 940 4705 Καίσαρος
956 4624 1092 4706 ἄρχοντος
1109 4625 1175 4702 ἤδη,
1196 4619 1359 4706 διεπράξατο
1376 4619 1407 4684 δὲ
1425 4620 1475 4701 τήν

247 4723 279 4802 ἐξ
305 4722 418 4811 Ἀρείου
437 4727 528 4812 πάγου
544 4730 648 4811 βουλὴν
671 4732 838 4813 ψηφίσασθαι
856 4731 903 4794 καὶ
926 4730 1056 4811 δεηθῆναι
1076 4733 1167 4808 μένειν
1186 4727 1268 4814 αυτὸν
1287 4728 1315 4792 ἑν
1341 4723 1475 4809 Ἀθήναις
