<?xml version="1.0" encoding="UTF-8"?>
<!DOCTYPE html PUBLIC "-//W3C//DTD XHTML 1.0 Transitional//EN"
    "http://www.w3.org/TR/xhtml1/DTD/xhtml1-transitional.dtd">
<html xmlns="http://www.w3.org/1999/xhtml" xml:lang="en" lang="en">
 <head>
  <title>
</title>
<meta http-equiv="Content-Type" content="text/html;charset=utf-8" />
  <meta name='ocr-system' content='tesseract 3.04.00' />
  <meta name='ocr-capabilities' content='ocr_page ocr_carea ocr_par ocr_line ocrx_word'/>
</head>
<body>
  <div class='ocr_page' id='page_1' title='image "./deplutarchicodi00graugoog/deplutarchicodi00graugoog_0060.png"; bbox 0 0 3568 5472; ppageno 0'>
   <div class='ocr_carea' id='block_1_1' title="bbox 541 415 1527 484">
    <p class='ocr_par' dir='ltr' id='par_1_1' title="bbox 541 415 1527 484">
     <span class='ocr_line' id='line_1_1' title="bbox 541 415 1527 484; baseline 0.004 -4"><span class='ocrx_word' id='word_1_1' title='bbox 541 433 584 480; x_wconf 80' lang='lat' dir='ltr'><strong>DII</strong></span> <span class='ocrx_word' id='word_1_2' title='bbox 608 433 797 482; x_wconf 81' lang='lat' dir='ltr'>PLUTARCHI</span> <span class='ocrx_word' id='word_1_3' title='bbox 822 434 939 483; x_wconf 81' lang='lat' dir='ltr'>CODICE</span> <span class='ocrx_word' id='word_1_4' title='bbox 962 415 1179 483; x_wconf 68' lang='lat' dir='ltr'>MATRI&#39;I&#39;ENSI.</span> <span class='ocrx_word' id='word_1_5' title='bbox 1434 419 1474 484; x_wconf 80' lang='lat'><strong>51</strong></span> <span class='ocrx_word' id='word_1_6' title='bbox 1523 435 1527 438; x_wconf 77' lang='grc'><strong>’</strong></span> 
     </span>
    </p>
   </div>
   <div class='ocr_carea' id='block_1_2' title="bbox 248 556 1543 2037">
    <p class='ocr_par' dir='ltr' id='par_1_2' title="bbox 248 556 1480 1077">
     <span class='ocr_line' id='line_1_2' title="bbox 249 556 1479 646; baseline -0.001 -21"><span class='ocrx_word' id='word_1_7' title='bbox 249 559 383 625; x_wconf 86' lang='lat' dir='ltr'><strong>tarchus</strong></span> <span class='ocrx_word' id='word_1_8' title='bbox 395 556 417 624; x_wconf 89' lang='lat'><strong>¹.</strong></span> <span class='ocrx_word' id='word_1_9' title='bbox 439 559 524 626; x_wconf 88' lang='lat' dir='ltr'><strong>Satis</strong></span> <span class='ocrx_word' id='word_1_10' title='bbox 538 560 589 625; x_wconf 89' lang='lat' dir='ltr'><strong>est</strong></span> <span class='ocrx_word' id='word_1_11' title='bbox 606 559 716 625; x_wconf 88' lang='lat' dir='ltr'><strong>tamen</strong></span> <span class='ocrx_word' id='word_1_12' title='bbox 736 561 764 626; x_wconf 90' lang='lat' dir='ltr'><strong>si</strong></span> <span class='ocrx_word' id='word_1_13' title='bbox 778 559 993 626; x_wconf 82' lang='lat' dir='ltr'><strong>Plutarchum</strong></span> <span class='ocrx_word' id='word_1_14' title='bbox 1013 559 1237 646; x_wconf 82' lang='lat' dir='ltr'><strong>intellegimus</strong></span> <span class='ocrx_word' id='word_1_15' title='bbox 1257 561 1425 626; x_wconf 76' lang='lat' dir='ltr'><strong>auctorem</strong></span> <span class='ocrx_word' id='word_1_16' title='bbox 1444 561 1479 624; x_wconf 89' lang='lat' dir='ltr'><strong>in</strong></span> 
     </span>
     <span class='ocr_line' id='line_1_3' title="bbox 249 665 1480 755; baseline 0.002 -24"><span class='ocrx_word' id='word_1_17' title='bbox 249 665 404 732; x_wconf 93' lang='lat' dir='ltr'><strong>hocloco</strong></span> <span class='ocrx_word' id='word_1_18' title='bbox 430 666 585 732; x_wconf 87' lang='lat' dir='ltr'><strong>habuisse</strong></span> <span class='ocrx_word' id='word_1_19' title='bbox 611 668 664 733; x_wconf 93' lang='lat' dir='ltr'><strong>cui</strong></span> <span class='ocrx_word' id='word_1_20' title='bbox 689 667 836 752; x_wconf 83' lang='lat' dir='ltr'><strong>placebat</strong></span> <span class='ocrx_word' id='word_1_21' title='bbox 861 668 1109 734; x_wconf 85' lang='lat' dir='ltr'><strong>Demosthenem</strong></span> <span class='ocrx_word' id='word_1_22' title='bbox 1143 687 1229 734; x_wconf 92' lang='lat' dir='ltr'><strong>anno</strong></span> <span class='ocrx_word' id='word_1_23' title='bbox 1257 666 1405 755; x_wconf 75' lang='lat' dir='ltr'><em>385s384</em></span> <span class='ocrx_word' id='word_1_24' title='bbox 1434 698 1480 724; x_wconf 93' lang='lat'>=</span> 
     </span>
     <span class='ocr_line' id='line_1_4' title="bbox 249 772 1479 860; baseline -0.001 -21"><span class='ocrx_word' id='word_1_25' title='bbox 249 773 300 840; x_wconf 93' lang='lat' dir='ltr'><strong>Ol.</strong></span> <span class='ocrx_word' id='word_1_26' title='bbox 322 773 470 854; x_wconf 83' lang='lat' dir='ltr'>XCVIII,</span> <span class='ocrx_word' id='word_1_27' title='bbox 492 773 512 839; x_wconf 87' lang='grc'>4</span> <span class='ocrx_word' id='word_1_28' title='bbox 534 773 648 839; x_wconf 91' lang='lat' dir='ltr'><strong>natum</strong></span> <span class='ocrx_word' id='word_1_29' title='bbox 667 793 738 840; x_wconf 89' lang='lat' dir='ltr'><strong>esse</strong></span> <span class='ocrx_word' id='word_1_30' title='bbox 758 794 765 838; x_wconf 94' lang='lat'><strong>:</strong></span> <span class='ocrx_word' id='word_1_31' title='bbox 790 793 892 860; x_wconf 90' lang='lat' dir='ltr'><strong>neque</strong></span> <span class='ocrx_word' id='word_1_32' title='bbox 912 772 1010 840; x_wconf 87' lang='lat' dir='ltr'><strong>aliter</strong></span> <span class='ocrx_word' id='word_1_33' title='bbox 1025 774 1064 840; x_wconf 89' lang='lat' dir='ltr'><strong>de</strong></span> <span class='ocrx_word' id='word_1_34' title='bbox 1078 774 1141 840; x_wconf 90' lang='lat' dir='ltr'><strong>hac</strong></span> <span class='ocrx_word' id='word_1_35' title='bbox 1159 795 1195 840; x_wconf 89' lang='lat' dir='ltr'><strong>re</strong></span> <span class='ocrx_word' id='word_1_36' title='bbox 1211 774 1374 840; x_wconf 81' lang='lat' dir='ltr'><strong>Heancus</strong></span> <span class='ocrx_word' id='word_1_37' title='bbox 1388 773 1479 840; x_wconf 90' lang='lat' dir='ltr'><strong>Weil</strong></span> 
     </span>
     <span class='ocr_line' id='line_1_5' title="bbox 248 877 1476 968; baseline 0.001 -23"><span class='ocrx_word' id='word_1_38' title='bbox 248 881 332 965; x_wconf 86' lang='lat' dir='ltr'><strong>(vid.</strong></span> <span class='ocrx_word' id='word_1_39' title='bbox 342 881 648 966; x_wconf 75' lang='lat' dir='ltr'><strong>LcsHaroapucs</strong></span> <span class='ocrx_word' id='word_1_40' title='bbox 658 877 956 963; x_wconf 61' lang='lat' dir='ltr'><strong>(immediatae,</strong></span> <span class='ocrx_word' id='word_1_41' title='bbox 970 887 1063 949; x_wconf 82' lang='lat' dir='ltr'><strong>teccte</strong></span> <span class='ocrx_word' id='word_1_42' title='bbox 1071 881 1169 968; x_wconf 71' lang='lat' dir='ltr'><strong>proc,</strong></span> <span class='ocrx_word' id='word_1_43' title='bbox 1183 883 1291 962; x_wconf 87' lang='lat' dir='ltr'><strong>Paris,</strong></span> <span class='ocrx_word' id='word_1_44' title='bbox 1302 881 1476 962; x_wconf 88' lang='lat' dir='ltr'><strong>Hachette,</strong></span> 
     </span>
     <span class='ocr_line' id='line_1_6' title="bbox 250 987 1389 1077; baseline 0 -24"><span class='ocrx_word' id='word_1_45' title='bbox 250 989 346 1069; x_wconf 87' lang='lat'>1873,</span> <span class='ocrx_word' id='word_1_46' title='bbox 364 1009 396 1074; x_wconf 92' lang='lat' dir='ltr'><strong>p.</strong></span> <span class='ocrx_word' id='word_1_47' title='bbox 418 990 532 1071; x_wconf 81' lang='lat' dir='ltr'><strong>xxxv)</strong></span> <span class='ocrx_word' id='word_1_48' title='bbox 548 988 718 1072; x_wconf 87' lang='lat' dir='ltr'><strong>criticique</strong></span> <span class='ocrx_word' id='word_1_49' title='bbox 731 989 789 1053; x_wconf 87' lang='lat' dir='ltr'><strong>alii</strong></span> <span class='ocrx_word' id='word_1_50' title='bbox 802 989 944 1054; x_wconf 81' lang='lat' dir='ltr'><strong>maxIme</strong></span> <span class='ocrx_word' id='word_1_51' title='bbox 961 987 1023 1054; x_wconf 90' lang='lat' dir='ltr'><strong>fide</strong></span> <span class='ocrx_word' id='word_1_52' title='bbox 1037 988 1128 1075; x_wconf 83' lang='lat' dir='ltr'><strong>dIgni</strong></span> <span class='ocrx_word' id='word_1_53' title='bbox 1142 988 1389 1077; x_wconf 84' lang='lat' dir='ltr'><strong>judicaverunt.</strong></span> 
     </span>
    </p>

    <p class='ocr_par' dir='ltr' id='par_1_3' title="bbox 248 1093 1543 2037">
     <span class='ocr_line' id='line_1_7' title="bbox 292 1093 1478 1182; baseline 0.003 -23"><span class='ocrx_word' id='word_1_54' title='bbox 292 1093 432 1169; x_wconf 88' lang='lat' dir='ltr'><strong>Quodsi</strong></span> <span class='ocrx_word' id='word_1_55' title='bbox 452 1097 525 1178; x_wconf 80' lang='lat' dir='ltr'><strong>quIs</strong></span> <span class='ocrx_word' id='word_1_56' title='bbox 542 1095 731 1180; x_wconf 90' lang='lat' dir='ltr'><strong>opposuerit</strong></span> <span class='ocrx_word' id='word_1_57' title='bbox 754 1095 796 1160; x_wconf 82' lang='lat' dir='ltr'><strong>A.</strong></span> <span class='ocrx_word' id='word_1_58' title='bbox 817 1094 962 1160; x_wconf 89' lang='lat' dir='ltr'><strong>Gellium</strong></span> <span class='ocrx_word' id='word_1_59' title='bbox 978 1095 1049 1179; x_wconf 93' lang='lat' dir='ltr'><strong>(lib.</strong></span> <span class='ocrx_word' id='word_1_60' title='bbox 1068 1095 1147 1176; x_wconf 91' lang='lat' dir='ltr'><strong>XV,</strong></span> <span class='ocrx_word' id='word_1_61' title='bbox 1169 1116 1240 1182; x_wconf 86' lang='lat' dir='ltr'><strong>cap.</strong></span> <span class='ocrx_word' id='word_1_62' title='bbox 1258 1098 1382 1180; x_wconf 84' lang='lat' dir='ltr'><strong>xxvm)</strong></span> <span class='ocrx_word' id='word_1_63' title='bbox 1404 1116 1478 1162; x_wconf 92' lang='lat' dir='ltr'><strong>cum</strong></span> 
     </span>
     <span class='ocr_line' id='line_1_8' title="bbox 250 1185 1478 1288; baseline 0.002 -21"><span class='ocrx_word' id='word_1_64' title='bbox 250 1201 447 1267; x_wconf 89' lang='lat' dir='ltr'><strong>Plutarchea</strong></span> <span class='ocrx_word' id='word_1_65' title='bbox 454 1185 592 1286; x_wconf 86' lang='lat' dir='ltr'><strong>vulgata</strong></span> <span class='ocrx_word' id='word_1_66' title='bbox 599 1201 858 1268; x_wconf 89' lang='lat' dir='ltr'><strong>consentientem</strong></span> <span class='ocrx_word' id='word_1_67' title='bbox 869 1223 876 1267; x_wconf 74' lang='grc' dir='ltr'>ε</span> <span class='ocrx_word' id='word_1_68' title='bbox 889 1204 1019 1269; x_wconf 75' lang='lat' dir='ltr'><strong>«Iliaci</strong></span> <span class='ocrx_word' id='word_1_69' title='bbox 1028 1204 1115 1270; x_wconf 82' lang='lat' dir='ltr'><strong>adeo</strong></span> <span class='ocrx_word' id='word_1_70' title='bbox 1131 1203 1173 1270; x_wconf 86' lang='lat' dir='ltr'><strong>ab</strong></span> <span class='ocrx_word' id='word_1_71' title='bbox 1190 1206 1478 1288; x_wconf 78' lang='lat' dir='ltr'><strong>utricisqccora-</strong></span> 
     </span>
     <span class='ocr_line' id='line_1_9' title="bbox 250 1309 1481 1394; baseline 0.002 -21"><span class='ocrx_word' id='word_1_72' title='bbox 250 1311 338 1374; x_wconf 82' lang='lat' dir='ltr'><strong>toris</strong></span> <span class='ocrx_word' id='word_1_73' title='bbox 358 1309 538 1374; x_wconf 71' lang='lat' dir='ltr'><strong>studiosis</strong></span> <span class='ocrx_word' id='word_1_74' title='bbox 563 1311 868 1376; x_wconf 78' lang='lat' dir='ltr'><strong>animaduersum</strong></span> <span class='ocrx_word' id='word_1_75' title='bbox 891 1311 1214 1393; x_wconf 60' lang='lat' dir='ltr'><strong>ascriptionem,</strong></span> <span class='ocrx_word' id='word_1_76' title='bbox 1236 1311 1331 1394; x_wconf 83' lang='lat' dir='ltr'><strong>quod</strong></span> <span class='ocrx_word' id='word_1_77' title='bbox 1355 1311 1481 1377; x_wconf 82' lang='lat' dir='ltr'><strong>Demo·</strong></span> 
     </span>
     <span class='ocr_line' id='line_1_10' title="bbox 248 1409 1478 1501; baseline 0.002 -20"><span class='ocrx_word' id='word_1_78' title='bbox 248 1409 404 1482; x_wconf 78' lang='lat' dir='ltr'><strong>sthenes</strong></span> <span class='ocrx_word' id='word_1_79' title='bbox 423 1421 456 1482; x_wconf 85' lang='lat' dir='ltr'><strong>et</strong></span> <span class='ocrx_word' id='word_1_80' title='bbox 488 1413 613 1482; x_wconf 73' lang='lat' dir='ltr'><strong>Cicero</strong></span> <span class='ocrx_word' id='word_1_81' title='bbox 638 1419 730 1501; x_wconf 81' lang='lat' dir='ltr'><strong>pari</strong></span> <span class='ocrx_word' id='word_1_82' title='bbox 762 1422 878 1483; x_wconf 79' lang='lat' dir='ltr'><strong>aetate</strong></span> <span class='ocrx_word' id='word_1_83' title='bbox 911 1418 1193 1484; x_wconf 77' lang='lat' dir='ltr'><strong>illustrissimos</strong></span> <span class='ocrx_word' id='word_1_84' title='bbox 1226 1418 1411 1484; x_wconf 77' lang='lat' dir='ltr'><strong>orationes</strong></span> <span class='ocrx_word' id='word_1_85' title='bbox 1438 1419 1478 1483; x_wconf 80' lang='lat' dir='ltr'><strong>ia</strong></span> 
     </span>
     <span class='ocr_line' id='line_1_11' title="bbox 249 1523 1481 1612; baseline 0.002 -24"><span class='ocrx_word' id='word_1_86' title='bbox 249 1525 371 1589; x_wconf 74' lang='lat' dir='ltr'><strong>causis</strong></span> <span class='ocrx_word' id='word_1_87' title='bbox 387 1525 580 1600; x_wconf 67' lang='lat' dir='ltr'><strong>dimerutti,</strong></span> <span class='ocrx_word' id='word_1_88' title='bbox 596 1525 693 1589; x_wconf 74' lang='lat' dir='ltr'><strong>alter</strong></span> <span class='ocrx_word' id='word_1_89' title='bbox 707 1525 779 1591; x_wconf 78' lang='grc' dir='ltr'>κατὰ</span> <span class='ocrx_word' id='word_1_90' title='bbox 796 1523 996 1612; x_wconf 79' lang='grc' dir='ltr'><strong>Ἀνδροτίωνος</strong></span> <span class='ocrx_word' id='word_1_91' title='bbox 1013 1529 1047 1590; x_wconf 79' lang='lat' dir='ltr'><strong>ei</strong></span> <span class='ocrx_word' id='word_1_92' title='bbox 1060 1524 1133 1591; x_wconf 78' lang='grc' dir='ltr'>κατὰ</span> <span class='ocrx_word' id='word_1_93' title='bbox 1142 1523 1334 1612; x_wconf 64' lang='grc' dir='ltr'><strong>Τιμοκράτους</strong></span> <span class='ocrx_word' id='word_1_94' title='bbox 1348 1542 1481 1591; x_wconf 74' lang='lat' dir='ltr'><strong>SEPTEM</strong></span> 
     </span>
     <span class='ocr_line' id='line_1_12' title="bbox 249 1631 1543 1717; baseline 0.002 -22"><span class='ocrx_word' id='word_1_95' title='bbox 249 1649 291 1695; x_wconf 83' lang='lat' dir='ltr'><strong>nr</strong></span> <span class='ocrx_word' id='word_1_96' title='bbox 323 1649 451 1697; x_wconf 84' lang='lat' dir='ltr'><strong>v1c1nm</strong></span> <span class='ocrx_word' id='word_1_97' title='bbox 479 1648 591 1696; x_wconf 76' lang='lat' dir='ltr'><strong>annos</strong></span> <span class='ocrx_word' id='word_1_98' title='bbox 616 1649 736 1712; x_wconf 68' lang='lat' dir='ltr'><strong>narce,</strong></span> <span class='ocrx_word' id='word_1_99' title='bbox 765 1632 858 1697; x_wconf 80' lang='lat' dir='ltr'><strong>atter</strong></span> <span class='ocrx_word' id='word_1_100' title='bbox 885 1651 980 1696; x_wconf 74' lang='lat' dir='ltr'><strong>cilico</strong></span> <span class='ocrx_word' id='word_1_101' title='bbox 1000 1633 1122 1697; x_wconf 81' lang='lat' dir='ltr'><strong>minor</strong></span> <span class='ocrx_word' id='word_1_102' title='bbox 1145 1652 1213 1717; x_wconf 90' lang='lat' dir='ltr'><strong>pro</strong></span> <span class='ocrx_word' id='word_1_103' title='bbox 1237 1633 1275 1696; x_wconf 91' lang='lat' dir='ltr'><strong>P.</strong></span> <span class='ocrx_word' id='word_1_104' title='bbox 1297 1631 1479 1706; x_wconf 84' lang='lat' dir='ltr'><strong>Quinctio</strong></span> <span class='ocrx_word' id='word_1_105' title='bbox 1536 1673 1543 1684; x_wconf 92' lang='lat'>·</span> 
     </span>
     <span class='ocr_line' id='line_1_13' title="bbox 249 1737 1480 1828; baseline 0 -25"><span class='ocrx_word' id='word_1_106' title='bbox 249 1739 472 1828; x_wconf 77' lang='lat' dir='ltr'><strong>septimoque</strong></span> <span class='ocrx_word' id='word_1_107' title='bbox 501 1742 534 1802; x_wconf 85' lang='lat' dir='ltr'><strong>et</strong></span> <span class='ocrx_word' id='word_1_108' title='bbox 558 1739 732 1804; x_wconf 82' lang='lat' dir='ltr'><strong>uicesimo</strong></span> <span class='ocrx_word' id='word_1_109' title='bbox 757 1759 826 1825; x_wconf 91' lang='lat' dir='ltr'><strong>pro</strong></span> <span class='ocrx_word' id='word_1_110' title='bbox 855 1737 942 1804; x_wconf 77' lang='lat' dir='ltr'><strong>Sex,</strong></span> <span class='ocrx_word' id='word_1_111' title='bbox 967 1739 1125 1820; x_wconf 85' lang='lat' dir='ltr'><strong>Roscio,</strong></span> <span class='ocrx_word' id='word_1_112' title='bbox 1149 1761 1166 1803; x_wconf 70' lang='grc' dir='ltr'><strong>ο</strong></span> <span class='ocrx_word' id='word_1_113' title='bbox 1186 1737 1388 1824; x_wconf 84' lang='lat' dir='ltr'><strong>respondebo</strong></span> <span class='ocrx_word' id='word_1_114' title='bbox 1408 1740 1480 1826; x_wconf 86' lang='lat' dir='ltr'><strong>jam</strong></span> 
     </span>
     <span class='ocr_line' id='line_1_14' title="bbox 250 1842 1479 1931; baseline 0.001 -24"><span class='ocrx_word' id='word_1_115' title='bbox 250 1842 400 1916; x_wconf 76' lang='lat' dir='ltr'><strong>tenuisse</strong></span> <span class='ocrx_word' id='word_1_116' title='bbox 416 1843 557 1910; x_wconf 86' lang='lat' dir='ltr'><strong>Gellium</strong></span> <span class='ocrx_word' id='word_1_117' title='bbox 581 1843 749 1930; x_wconf 83' lang='lat' dir='ltr'><strong>exemplar</strong></span> <span class='ocrx_word' id='word_1_118' title='bbox 767 1845 939 1912; x_wconf 91' lang='lat' dir='ltr'><strong>Plutarchi</strong></span> <span class='ocrx_word' id='word_1_119' title='bbox 957 1844 1192 1931; x_wconf 90' lang='lat' dir='ltr'><strong>interpolatum</strong></span> <span class='ocrx_word' id='word_1_120' title='bbox 1219 1865 1228 1910; x_wconf 89' lang='lat'><strong>:</strong></span> <span class='ocrx_word' id='word_1_121' title='bbox 1252 1843 1337 1929; x_wconf 93' lang='lat' dir='ltr'><strong>quod</strong></span> <span class='ocrx_word' id='word_1_122' title='bbox 1357 1845 1479 1910; x_wconf 91' lang='lat' dir='ltr'><strong>nemini</strong></span> 
     </span>
     <span class='ocr_line' id='line_1_15' title="bbox 251 1949 685 2037; baseline -0.005 -21"><span class='ocrx_word' id='word_1_123' title='bbox 251 1969 345 2037; x_wconf 91' lang='lat' dir='ltr'><strong>spero</strong></span> <span class='ocrx_word' id='word_1_124' title='bbox 363 1949 444 2034; x_wconf 86' lang='lat' dir='ltr'><strong>adeo</strong></span> <span class='ocrx_word' id='word_1_125' title='bbox 463 1949 533 2016; x_wconf 84' lang='lat' dir='ltr'><strong>fore</strong></span> <span class='ocrx_word' id='word_1_126' title='bbox 551 1951 685 2015; x_wconf 89' lang='lat' dir='ltr'><strong>mirum.</strong></span> 
     </span>
    </p>
   </div>
   <div class='ocr_carea' id='block_1_3' title="bbox 293 2057 1596 2154">
    <p class='ocr_par' dir='ltr' id='par_1_4' title="bbox 293 2057 1596 2154">
     <span class='ocr_line' id='line_1_16' title="bbox 293 2057 1596 2154; baseline -0.004 -28"><span class='ocrx_word' id='word_1_127' title='bbox 293 2058 471 2142; x_wconf 90' lang='lat' dir='ltr'><strong>Nunquam</strong></span> <span class='ocrx_word' id='word_1_128' title='bbox 495 2078 575 2143; x_wconf 92' lang='lat' dir='ltr'><strong>opus</strong></span> <span class='ocrx_word' id='word_1_129' title='bbox 605 2057 744 2142; x_wconf 85' lang='lat' dir='ltr'><strong>quodvis</strong></span> <span class='ocrx_word' id='word_1_130' title='bbox 772 2058 842 2123; x_wconf 88' lang='lat' dir='ltr'><strong>tam</strong></span> <span class='ocrx_word' id='word_1_131' title='bbox 867 2057 1055 2142; x_wconf 87' lang='lat' dir='ltr'><strong>frequenter</strong></span> <span class='ocrx_word' id='word_1_132' title='bbox 1081 2078 1154 2123; x_wconf 93' lang='lat' dir='ltr'><strong>cum</strong></span> <span class='ocrx_word' id='word_1_133' title='bbox 1181 2057 1268 2144; x_wconf 91' lang='lat' dir='ltr'><strong>apud</strong></span> <span class='ocrx_word' id='word_1_134' title='bbox 1297 2077 1356 2124; x_wconf 93' lang='lat' dir='ltr'><strong>nos</strong></span> <span class='ocrx_word' id='word_1_135' title='bbox 1380 2077 1481 2124; x_wconf 86' lang='lat' dir='ltr'><strong>excu·</strong></span> <span class='ocrx_word' id='word_1_136' title='bbox 1592 2146 1596 2154; x_wconf 31' lang='grc' dir='ltr'>Ι</span> 
     </span>
    </p>
   </div>
   <div class='ocr_carea' id='block_1_4' title="bbox 157 2163 1481 4078">
    <p class='ocr_par' dir='ltr' id='par_1_5' title="bbox 248 2163 1481 3217">
     <span class='ocr_line' id='line_1_17' title="bbox 250 2163 1481 2252; baseline -0.002 -21"><span class='ocrx_word' id='word_1_137' title='bbox 250 2164 341 2232; x_wconf 89' lang='lat' dir='ltr'><strong>ditur</strong></span> <span class='ocrx_word' id='word_1_138' title='bbox 354 2163 427 2230; x_wconf 91' lang='lat' dir='ltr'><strong>tum</strong></span> <span class='ocrx_word' id='word_1_139' title='bbox 442 2164 527 2252; x_wconf 88' lang='lat' dir='ltr'><strong>apud</strong></span> <span class='ocrx_word' id='word_1_140' title='bbox 543 2165 672 2231; x_wconf 84' lang='lat' dir='ltr'><strong>veteres</strong></span> <span class='ocrx_word' id='word_1_141' title='bbox 686 2165 934 2234; x_wconf 85' lang='lat' dir='ltr'><strong>describebatur</strong></span> <span class='ocrx_word' id='word_1_142' title='bbox 944 2185 1044 2250; x_wconf 85' lang='lat' dir='ltr'><strong>quam</strong></span> <span class='ocrx_word' id='word_1_143' title='bbox 1060 2165 1219 2251; x_wconf 89' lang='lat' dir='ltr'><strong>scriptore</strong></span> <span class='ocrx_word' id='word_1_144' title='bbox 1232 2167 1366 2233; x_wconf 86' lang='lat' dir='ltr'><strong>vivente</strong></span> <span class='ocrx_word' id='word_1_145' title='bbox 1380 2164 1481 2230; x_wconf 87' lang='lat' dir='ltr'><strong>intra·</strong></span> 
     </span>
     <span class='ocr_line' id='line_1_18' title="bbox 249 2271 1479 2360; baseline -0.002 -22"><span class='ocrx_word' id='word_1_146' title='bbox 249 2293 312 2358; x_wconf 89' lang='lat' dir='ltr'><strong>que</strong></span> <span class='ocrx_word' id='word_1_147' title='bbox 330 2271 405 2358; x_wconf 87' lang='lat' dir='ltr'><strong>post</strong></span> <span class='ocrx_word' id='word_1_148' title='bbox 422 2272 562 2340; x_wconf 88' lang='lat' dir='ltr'><strong>eundem</strong></span> <span class='ocrx_word' id='word_1_149' title='bbox 578 2274 747 2339; x_wconf 88' lang='lat' dir='ltr'><strong>mortuum</strong></span> <span class='ocrx_word' id='word_1_150' title='bbox 763 2273 969 2340; x_wconf 87' lang='lat' dir='ltr'><strong>decennium.</strong></span> <span class='ocrx_word' id='word_1_151' title='bbox 989 2273 1144 2360; x_wconf 76' lang='lat' dir='ltr'><strong>cujusvis</strong></span> <span class='ocrx_word' id='word_1_152' title='bbox 1159 2275 1265 2359; x_wconf 81' lang='lat' dir='ltr'><strong>igilur</strong></span> <span class='ocrx_word' id='word_1_153' title='bbox 1285 2274 1355 2339; x_wconf 89' lang='lat' dir='ltr'><strong>sive</strong></span> <span class='ocrx_word' id='word_1_154' title='bbox 1370 2273 1479 2358; x_wconf 85' lang='lat' dir='ltr'><strong>graeci</strong></span> 
     </span>
     <span class='ocr_line' id='line_1_19' title="bbox 249 2363 1480 2468; baseline -0.002 -23"><span class='ocrx_word' id='word_1_155' title='bbox 249 2381 319 2446; x_wconf 91' lang='lat' dir='ltr'><strong>sive</strong></span> <span class='ocrx_word' id='word_1_156' title='bbox 330 2380 427 2446; x_wconf 87' lang='lat' dir='ltr'><strong>latini</strong></span> <span class='ocrx_word' id='word_1_157' title='bbox 437 2380 608 2466; x_wconf 91' lang='lat' dir='ltr'><strong>scriptoris</strong></span> <span class='ocrx_word' id='word_1_158' title='bbox 623 2381 721 2446; x_wconf 85' lang='lat' dir='ltr'><strong>etlam</strong></span> <span class='ocrx_word' id='word_1_159' title='bbox 736 2381 805 2447; x_wconf 83' lang='lat' dir='ltr'><strong>vivi</strong></span> <span class='ocrx_word' id='word_1_160' title='bbox 820 2381 873 2449; x_wconf 86' lang='lat' dir='ltr'><strong>vel</strong></span> <span class='ocrx_word' id='word_1_161' title='bbox 883 2379 979 2446; x_wconf 91' lang='lat' dir='ltr'><strong>modo</strong></span> <span class='ocrx_word' id='word_1_162' title='bbox 994 2363 1142 2446; x_wconf 78' lang='lat' dir='ltr'><strong>defuncti</strong></span> <span class='ocrx_word' id='word_1_163' title='bbox 1155 2381 1279 2447; x_wconf 79' lang='lat' dir='ltr'><strong>oodIces</strong></span> <span class='ocrx_word' id='word_1_164' title='bbox 1289 2381 1360 2468; x_wconf 77' lang='lat' dir='ltr'><strong>J’am</strong></span> <span class='ocrx_word' id='word_1_165' title='bbox 1375 2377 1480 2444; x_wconf 91' lang='lat' dir='ltr'><strong>omni·</strong></span> 
     </span>
     <span class='ocr_line' id='line_1_20' title="bbox 250 2487 1479 2574; baseline -0.002 -21"><span class='ocrx_word' id='word_1_166' title='bbox 250 2489 342 2574; x_wconf 85' lang='lat' dir='ltr'><strong>genis</strong></span> <span class='ocrx_word' id='word_1_167' title='bbox 370 2487 521 2555; x_wconf 87' lang='lat' dir='ltr'><strong>laborare</strong></span> <span class='ocrx_word' id='word_1_168' title='bbox 545 2489 638 2553; x_wconf 85' lang='lat' dir='ltr'><strong>vitiis</strong></span> <span class='ocrx_word' id='word_1_169' title='bbox 665 2488 739 2554; x_wconf 87' lang='lat' dir='ltr'><strong>erat</strong></span> <span class='ocrx_word' id='word_1_170' title='bbox 763 2508 896 2556; x_wconf 86' lang='lat' dir='ltr'><strong>necesse</strong></span> <span class='ocrx_word' id='word_1_171' title='bbox 923 2490 1190 2573; x_wconf 89' lang='lat' dir='ltr'><strong>recensionesque</strong></span> <span class='ocrx_word' id='word_1_172' title='bbox 1216 2489 1257 2554; x_wconf 90' lang='lat' dir='ltr'><strong>ab</strong></span> <span class='ocrx_word' id='word_1_173' title='bbox 1277 2487 1366 2553; x_wconf 92' lang='lat' dir='ltr'><strong>omni</strong></span> <span class='ocrx_word' id='word_1_174' title='bbox 1385 2487 1479 2572; x_wconf 87' lang='lat' dir='ltr'><strong>parte</strong></span> 
     </span>
     <span class='ocr_line' id='line_1_21' title="bbox 249 2591 1478 2682; baseline -0.002 -21"><span class='ocrx_word' id='word_1_175' title='bbox 249 2593 386 2682; x_wconf 90' lang='lat' dir='ltr'><strong>perpeti.</strong></span> <span class='ocrx_word' id='word_1_176' title='bbox 407 2595 496 2670; x_wconf 83' lang='lat' dir='ltr'><strong>Quae</strong></span> <span class='ocrx_word' id='word_1_177' title='bbox 512 2594 673 2680; x_wconf 91' lang='lat' dir='ltr'><strong>quomodo</strong></span> <span class='ocrx_word' id='word_1_178' title='bbox 690 2593 796 2662; x_wconf 83' lang='lat' dir='ltr'><strong>factae</strong></span> <span class='ocrx_word' id='word_1_179' title='bbox 813 2595 892 2676; x_wconf 91' lang='lat' dir='ltr'><strong>sint,</strong></span> <span class='ocrx_word' id='word_1_180' title='bbox 911 2595 1003 2677; x_wconf 89' lang='lat' dir='ltr'><strong>bene,</strong></span> <span class='ocrx_word' id='word_1_181' title='bbox 1025 2596 1065 2661; x_wconf 94' lang='lat' dir='ltr'><strong>ut</strong></span> <span class='ocrx_word' id='word_1_182' title='bbox 1078 2595 1174 2676; x_wconf 90' lang='lat' dir='ltr'><strong>solet,</strong></span> <span class='ocrx_word' id='word_1_183' title='bbox 1192 2596 1326 2680; x_wconf 87' lang='lat' dir='ltr'><strong>exponit</strong></span> <span class='ocrx_word' id='word_1_184' title='bbox 1347 2591 1478 2659; x_wconf 88' lang='lat' dir='ltr'><strong>Gabriel</strong></span> 
     </span>
     <span class='ocr_line' id='line_1_22' title="bbox 249 2700 1479 2788; baseline -0.002 -19"><span class='ocrx_word' id='word_1_185' title='bbox 249 2702 351 2770; x_wconf 83' lang='lat' dir='ltr'><strong>Cobet</strong></span> <span class='ocrx_word' id='word_1_186' title='bbox 378 2703 444 2787; x_wconf 85' lang='lat' dir='ltr'><strong>(Dc</strong></span> <span class='ocrx_word' id='word_1_187' title='bbox 469 2707 550 2769; x_wconf 80' lang='lat' dir='ltr'><strong>arte</strong></span> <span class='ocrx_word' id='word_1_188' title='bbox 576 2704 857 2787; x_wconf 74' lang='lat' dir='ltr'><strong>interpretandi,</strong></span> <span class='ocrx_word' id='word_1_189' title='bbox 888 2723 920 2788; x_wconf 88' lang='lat' dir='ltr'><strong>p.</strong></span> <span class='ocrx_word' id='word_1_190' title='bbox 954 2701 1011 2786; x_wconf 88' lang='lat'><strong>66)</strong></span> <span class='ocrx_word' id='word_1_191' title='bbox 1039 2722 1046 2768; x_wconf 76' lang='grc' dir='ltr'><strong><em>ε</em></strong></span> <span class='ocrx_word' id='word_1_192' title='bbox 1078 2723 1098 2768; x_wconf 84' lang='lat'><strong><em>«</em></strong></span> <span class='ocrx_word' id='word_1_193' title='bbox 1127 2701 1238 2767; x_wconf 88' lang='lat' dir='ltr'><strong>Sicubi</strong></span> <span class='ocrx_word' id='word_1_194' title='bbox 1256 2701 1340 2767; x_wconf 89' lang='lat' dir='ltr'><strong>liber</strong></span> <span class='ocrx_word' id='word_1_195' title='bbox 1359 2700 1479 2766; x_wconf 87' lang='lat' dir='ltr'><strong>lacuna</strong></span> 
     </span>
     <span class='ocr_line' id='line_1_23' title="bbox 249 2808 1477 2895; baseline -0.001 -21"><span class='ocrx_word' id='word_1_196' title='bbox 249 2808 376 2890; x_wconf 86' lang='lat' dir='ltr'><strong>hiabat,</strong></span> <span class='ocrx_word' id='word_1_197' title='bbox 400 2808 460 2876; x_wconf 87' lang='lat' dir='ltr'><strong>aut</strong></span> <span class='ocrx_word' id='word_1_198' title='bbox 478 2809 655 2895; x_wconf 84' lang='lat' dir='ltr'><strong>explebant</strong></span> <span class='ocrx_word' id='word_1_199' title='bbox 676 2809 716 2875; x_wconf 92' lang='lat' dir='ltr'><strong>de</strong></span> <span class='ocrx_word' id='word_1_200' title='bbox 734 2830 806 2891; x_wconf 91' lang='lat' dir='ltr'><strong>suo,</strong></span> <span class='ocrx_word' id='word_1_201' title='bbox 827 2808 887 2875; x_wconf 90' lang='lat' dir='ltr'><strong>aut</strong></span> <span class='ocrx_word' id='word_1_202' title='bbox 901 2808 1109 2874; x_wconf 89' lang='lat' dir='ltr'><strong>dissimulato</strong></span> <span class='ocrx_word' id='word_1_203' title='bbox 1128 2809 1223 2874; x_wconf 88' lang='lat' dir='ltr'><strong>hiatu</strong></span> <span class='ocrx_word' id='word_1_204' title='bbox 1240 2808 1388 2874; x_wconf 87' lang='lat' dir='ltr'><strong>funditus</strong></span> <span class='ocrx_word' id='word_1_205' title='bbox 1407 2828 1477 2894; x_wconf 87' lang='lat' dir='ltr'><strong>pes·</strong></span> 
     </span>
     <span class='ocr_line' id='line_1_24' title="bbox 249 2914 1478 2983; baseline -0.002 -1"><span class='ocrx_word' id='word_1_206' title='bbox 249 2915 447 2982; x_wconf 87' lang='lat' dir='ltr'><strong>sumdabant</strong></span> <span class='ocrx_word' id='word_1_207' title='bbox 467 2915 666 2982; x_wconf 88' lang='lat' dir='ltr'><strong>sententiam</strong></span> <span class='ocrx_word' id='word_1_208' title='bbox 693 2938 700 2982; x_wconf 95' lang='lat'><strong>:</strong></span> <span class='ocrx_word' id='word_1_209' title='bbox 727 2915 784 2982; x_wconf 94' lang='lat' dir='ltr'><strong>ubi</strong></span> <span class='ocrx_word' id='word_1_210' title='bbox 807 2915 998 2982; x_wconf 88' lang='lat' dir='ltr'><strong>litterarum</strong></span> <span class='ocrx_word' id='word_1_211' title='bbox 1020 2915 1138 2983; x_wconf 91' lang='lat' dir='ltr'><strong>ductus</strong></span> <span class='ocrx_word' id='word_1_212' title='bbox 1159 2914 1293 2980; x_wconf 82' lang='lat' dir='ltr'><strong>evanidi</strong></span> <span class='ocrx_word' id='word_1_213' title='bbox 1309 2915 1478 2981; x_wconf 89' lang='lat' dir='ltr'><strong>oculorum</strong></span> 
     </span>
     <span class='ocr_line' id='line_1_25' title="bbox 249 3007 1478 3109; baseline -0.002 -20"><span class='ocrx_word' id='word_1_214' title='bbox 249 3025 351 3090; x_wconf 88' lang='lat' dir='ltr'><strong>aciem</strong></span> <span class='ocrx_word' id='word_1_215' title='bbox 362 3007 557 3109; x_wconf 80' lang='lat' dir='ltr'><strong>praesertim</strong></span> <span class='ocrx_word' id='word_1_216' title='bbox 570 3023 775 3090; x_wconf 88' lang='lat' dir='ltr'><strong>indoctorum</strong></span> <span class='ocrx_word' id='word_1_217' title='bbox 786 3021 955 3104; x_wconf 86' lang='lat' dir='ltr'><strong>fallebant,</strong></span> <span class='ocrx_word' id='word_1_218' title='bbox 970 3025 1086 3090; x_wconf 81' lang='lat' dir='ltr'><strong>locum</strong></span> <span class='ocrx_word' id='word_1_219' title='bbox 1098 3024 1147 3089; x_wconf 84' lang='lat' dir='ltr'><strong>cd</strong></span> <span class='ocrx_word' id='word_1_220' title='bbox 1160 3043 1268 3090; x_wconf 80' lang='lat' dir='ltr'><strong>suum</strong></span> <span class='ocrx_word' id='word_1_221' title='bbox 1277 3023 1478 3089; x_wconf 78' lang='lat' dir='ltr'><strong>arbitrium</strong></span> 
     </span>
     <span class='ocr_line' id='line_1_26' title="bbox 248 3131 1170 3217; baseline -0.001 -21"><span class='ocrx_word' id='word_1_222' title='bbox 248 3133 355 3198; x_wconf 82' lang='lat' dir='ltr'><strong>idest</strong></span> <span class='ocrx_word' id='word_1_223' title='bbox 369 3137 502 3197; x_wconf 78' lang='lat' dir='ltr'><strong>temere</strong></span> <span class='ocrx_word' id='word_1_224' title='bbox 517 3131 757 3217; x_wconf 73' lang='lat' dir='ltr'><strong>reiiayebant.</strong></span> <span class='ocrx_word' id='word_1_225' title='bbox 781 3152 799 3194; x_wconf 68' lang='lat' dir='ltr'><strong>a</strong></span> <span class='ocrx_word' id='word_1_226' title='bbox 1168 3147 1170 3150; x_wconf 89' lang='grc'><strong><em>·</em></strong></span> 
     </span>
    </p>

    <p class='ocr_par' dir='ltr' id='par_1_6' title="bbox 157 3236 1479 4078">
     <span class='ocr_line' id='line_1_27' title="bbox 292 3236 1479 3324; baseline -0.004 -17"><span class='ocrx_word' id='word_1_227' title='bbox 292 3239 490 3324; x_wconf 89' lang='lat' dir='ltr'><strong>Nuperrime</strong></span> <span class='ocrx_word' id='word_1_228' title='bbox 511 3238 648 3306; x_wconf 84' lang='lat' dir='ltr'><strong>Carolus</strong></span> <span class='ocrx_word' id='word_1_229' title='bbox 668 3237 825 3318; x_wconf 87' lang='lat' dir='ltr'><strong>Schmidt,</strong></span> <span class='ocrx_word' id='word_1_230' title='bbox 844 3239 901 3322; x_wconf 92' lang='lat' dir='ltr'><strong>qui</strong></span> <span class='ocrx_word' id='word_1_231' title='bbox 920 3236 958 3303; x_wconf 89' lang='lat' dir='ltr'><strong>de</strong></span> <span class='ocrx_word' id='word_1_232' title='bbox 977 3236 1180 3323; x_wconf 87' lang='lat' dir='ltr'><strong>exploranda</strong></span> <span class='ocrx_word' id='word_1_233' title='bbox 1198 3236 1297 3302; x_wconf 90' lang='lat' dir='ltr'><strong>libelli</strong></span> <span class='ocrx_word' id='word_1_234' title='bbox 1319 3236 1479 3323; x_wconf 77' lang='grc' dir='ltr'><strong>Ἀποφθέγ-</strong></span> 
     </span>
     <span class='ocr_line' id='line_1_28' title="bbox 249 3342 1479 3434; baseline -0.003 -21"><span class='ocrx_word' id='word_1_235' title='bbox 249 3373 323 3430; x_wconf 83' lang='grc' dir='ltr'>ματα</span> <span class='ocrx_word' id='word_1_236' title='bbox 341 3351 480 3427; x_wconf 76' lang='grc' dir='ltr'><strong>βασιλέων</strong></span> <span class='ocrx_word' id='word_1_237' title='bbox 503 3352 550 3413; x_wconf 73' lang='grc' dir='ltr'><strong>καὶ</strong></span> <span class='ocrx_word' id='word_1_238' title='bbox 569 3355 730 3434; x_wconf 73' lang='grc' dir='ltr'>στρατηγῶν</span> <span class='ocrx_word' id='word_1_239' title='bbox 749 3345 899 3432; x_wconf 90' lang='lat' dir='ltr'><strong>inscripti</strong></span> <span class='ocrx_word' id='word_1_240' title='bbox 919 3342 1068 3429; x_wconf 86' lang='lat' dir='ltr'><strong>falsoque</strong></span> <span class='ocrx_word' id='word_1_241' title='bbox 1082 3345 1168 3409; x_wconf 82' lang='lat' dir='ltr'><strong>Inter</strong></span> <span class='ocrx_word' id='word_1_242' title='bbox 1187 3343 1360 3411; x_wconf 83' lang='lat' dir='ltr'><strong>Plutarchi</strong></span> <span class='ocrx_word' id='word_1_243' title='bbox 1378 3363 1479 3430; x_wconf 88' lang='lat' dir='ltr'><strong>opera</strong></span> 
     </span>
     <span class='ocr_line' id='line_1_29' title="bbox 248 3451 1478 3540; baseline -0.002 -22"><span class='ocrx_word' id='word_1_244' title='bbox 248 3453 372 3539; x_wconf 91' lang='lat' dir='ltr'><strong>recepti</strong></span> <span class='ocrx_word' id='word_1_245' title='bbox 390 3453 499 3519; x_wconf 87' lang='lat' dir='ltr'><strong>aetate</strong></span> <span class='ocrx_word' id='word_1_246' title='bbox 514 3454 683 3520; x_wconf 86' lang='lat' dir='ltr'><strong>enucleate</strong></span> <span class='ocrx_word' id='word_1_247' title='bbox 700 3453 887 3540; x_wconf 89' lang='lat' dir='ltr'><strong>disputavit</strong></span> <span class='ocrx_word' id='word_1_248' title='bbox 902 3451 1099 3538; x_wconf 85' lang='lat' dir='ltr'><strong>collegitque</strong></span> <span class='ocrx_word' id='word_1_249' title='bbox 1117 3453 1287 3517; x_wconf 88' lang='lat' dir='ltr'><strong>verissime</strong></span> <span class='ocrx_word' id='word_1_250' title='bbox 1307 3452 1368 3518; x_wconf 93' lang='lat' dir='ltr'><strong>hoc</strong></span> <span class='ocrx_word' id='word_1_251' title='bbox 1382 3472 1478 3537; x_wconf 90' lang='lat' dir='ltr'><strong>opus·</strong></span> 
     </span>
     <span class='ocr_line' id='line_1_30' title="bbox 249 3544 1477 3638; baseline -0.002 -11"><span class='ocrx_word' id='word_1_252' title='bbox 249 3544 360 3627; x_wconf 83' lang='lat' dir='ltr'><strong>culum</strong></span> <span class='ocrx_word' id='word_1_253' title='bbox 380 3561 519 3628; x_wconf 88' lang='lat' dir='ltr'><strong>Aeliano</strong></span> <span class='ocrx_word' id='word_1_254' title='bbox 539 3561 692 3628; x_wconf 79' lang='lat' dir='ltr'><strong>Variani</strong></span> <span class='ocrx_word' id='word_1_255' title='bbox 705 3562 896 3629; x_wconf 77' lang='lat' dir='ltr'><strong>historiam</strong></span> <span class='ocrx_word' id='word_1_256' title='bbox 915 3560 1071 3626; x_wconf 90' lang='lat' dir='ltr'><strong>scribenti</strong></span> <span class='ocrx_word' id='word_1_257' title='bbox 1083 3557 1125 3625; x_wconf 96' lang='lat' dir='ltr'><strong>ad</strong></span> <span class='ocrx_word' id='word_1_258' title='bbox 1140 3579 1276 3624; x_wconf 85' lang='lat' dir='ltr'><strong>manum</strong></span> <span class='ocrx_word' id='word_1_259' title='bbox 1287 3555 1421 3638; x_wconf 78' lang='lat' dir='ltr'><strong>fuisse²,</strong></span> <span class='ocrx_word' id='word_1_260' title='bbox 1438 3558 1477 3624; x_wconf 92' lang='lat' dir='ltr'><strong>de</strong></span> 
     </span>
     <span class='ocr_line' id='line_1_31' title="bbox 249 3662 1476 3755; baseline -0.002 -22"><span class='ocrx_word' id='word_1_261' title='bbox 249 3666 390 3753; x_wconf 87' lang='lat' dir='ltr'><strong>quadam</strong></span> <span class='ocrx_word' id='word_1_262' title='bbox 416 3670 496 3734; x_wconf 89' lang='lat' dir='ltr'><strong>satis</strong></span> <span class='ocrx_word' id='word_1_263' title='bbox 519 3669 681 3755; x_wconf 86' lang='lat' dir='ltr'><strong>singulari</strong></span> <span class='ocrx_word' id='word_1_264' title='bbox 709 3668 857 3735; x_wconf 89' lang='lat' dir='ltr'><strong>lectionis</strong></span> <span class='ocrx_word' id='word_1_265' title='bbox 873 3666 1097 3754; x_wconf 88' lang='lat' dir='ltr'><strong>discrepantia</strong></span> <span class='ocrx_word' id='word_1_266' title='bbox 1123 3665 1253 3733; x_wconf 87' lang='lat' dir='ltr'><strong>abunde</strong></span> <span class='ocrx_word' id='word_1_267' title='bbox 1280 3662 1402 3732; x_wconf 80' lang='lat' dir='ltr'><strong>dixit³.</strong></span> <span class='ocrx_word' id='word_1_268' title='bbox 1424 3665 1476 3731; x_wconf 85' lang='lat' dir='ltr'><strong>Ad</strong></span> 
     </span>
     <span class='ocr_line' id='line_1_32' title="bbox 249 3773 1476 3863; baseline -0.002 -22"><span class='ocrx_word' id='word_1_269' title='bbox 249 3796 423 3858; x_wconf 87' lang='lat' dir='ltr'><strong>summam,</strong></span> <span class='ocrx_word' id='word_1_270' title='bbox 458 3797 518 3863; x_wconf 88' lang='lat' dir='ltr'><strong>pro</strong></span> <span class='ocrx_word' id='word_1_271' title='bbox 552 3778 749 3858; x_wconf 81' lang='lat' dir='ltr'><strong>Pos1o0N10‚</strong></span> <span class='ocrx_word' id='word_1_272' title='bbox 784 3776 878 3863; x_wconf 88' lang='lat' dir='ltr'><strong>cujus</strong></span> <span class='ocrx_word' id='word_1_273' title='bbox 913 3777 1103 3842; x_wconf 89' lang='lat' dir='ltr'><strong>testimonio</strong></span> <span class='ocrx_word' id='word_1_274' title='bbox 1135 3775 1244 3840; x_wconf 87' lang='lat' dir='ltr'><strong>utitur</strong></span> <span class='ocrx_word' id='word_1_275' title='bbox 1276 3773 1476 3840; x_wconf 80' lang='lat' dir='ltr'><strong>Plutarchus</strong></span> 
     </span>
     <span class='ocr_line' id='line_1_33' title="bbox 248 3882 1476 3969; baseline -0.001 -21"><span class='ocrx_word' id='word_1_276' title='bbox 248 3884 415 3950; x_wconf 82' lang='lat' dir='ltr'><strong>Maccime</strong></span> <span class='ocrx_word' id='word_1_277' title='bbox 431 3885 762 3969; x_wconf 76' lang='lat' dir='ltr'><strong>comprincipibus</strong></span> <span class='ocrx_word' id='word_1_278' title='bbox 782 3886 877 3950; x_wconf 83' lang='lat' dir='ltr'><strong>ciris</strong></span> <span class='ocrx_word' id='word_1_279' title='bbox 891 3885 1102 3968; x_wconf 84' lang='lat' dir='ltr'><strong>pbilosopbo</strong></span> <span class='ocrx_word' id='word_1_280' title='bbox 1122 3903 1198 3948; x_wconf 82' lang='lat' dir='ltr'><strong>csse</strong></span> <span class='ocrx_word' id='word_1_281' title='bbox 1217 3882 1476 3949; x_wconf 75' lang='lat' dir='ltr'><strong>disserendum</strong></span> 
     </span>
     <span class='ocr_line' id='line_1_34' title="bbox 157 3983 1475 4078; baseline -0.002 -20"><span class='ocrx_word' id='word_1_282' title='bbox 157 3983 161 3989; x_wconf 76' lang='grc'><strong>’</strong></span> <span class='ocrx_word' id='word_1_283' title='bbox 248 4011 319 4078; x_wconf 86' lang='lat' dir='ltr'><strong>cap.</strong></span> <span class='ocrx_word' id='word_1_284' title='bbox 337 3992 364 4070; x_wconf 92' lang='lat' dir='ltr'><strong>I,</strong></span> <span class='ocrx_word' id='word_1_285' title='bbox 386 3991 582 4078; x_wconf 89' lang='lat' dir='ltr'><strong>compilator</strong></span> <span class='ocrx_word' id='word_1_286' title='bbox 600 3991 935 4078; x_wconf 85' lang='lat' dir='ltr'><strong>Apophthegmatum·</strong></span> <span class='ocrx_word' id='word_1_287' title='bbox 947 3991 980 4056; x_wconf 92' lang='lat' dir='ltr'><strong>in</strong></span> <span class='ocrx_word' id='word_1_288' title='bbox 1000 3990 1111 4056; x_wconf 89' lang='lat' dir='ltr'><strong>eadem</strong></span> <span class='ocrx_word' id='word_1_289' title='bbox 1131 4010 1167 4055; x_wconf 88' lang='lat' dir='ltr'><strong>re</strong></span> <span class='ocrx_word' id='word_1_290' title='bbox 1186 3987 1353 4056; x_wconf 87' lang='lat' dir='ltr'><strong>narranda</strong></span> <span class='ocrx_word' id='word_1_291' title='bbox 1365 3989 1475 4055; x_wconf 89' lang='lat' dir='ltr'><strong>aucto-</strong></span> 
     </span>
    </p>
   </div>
   <div class='ocr_carea' id='block_1_5' title="bbox 245 4287 1479 4786">
    <p class='ocr_par' dir='ltr' id='par_1_7' title="bbox 248 4287 1479 4571">
     <span class='ocr_line' id='line_1_35' title="bbox 281 4287 1477 4366; baseline -0.005 -23"><span class='ocrx_word' id='word_1_292' title='bbox 281 4293 304 4347; x_wconf 92' lang='lat' dir='ltr'><strong>l.</strong></span> <span class='ocrx_word' id='word_1_293' title='bbox 321 4293 410 4345; x_wconf 86' lang='lat' dir='ltr'><strong>Verba</strong></span> <span class='ocrx_word' id='word_1_294' title='bbox 431 4295 501 4348; x_wconf 71' lang='grc' dir='ltr'><strong>οὔπω</strong></span> <span class='ocrx_word' id='word_1_295' title='bbox 517 4302 546 4361; x_wconf 79' lang='grc' dir='ltr'><strong>τῇ</strong></span> <span class='ocrx_word' id='word_1_296' title='bbox 566 4295 677 4366; x_wconf 65' lang='grc' dir='ltr'><strong>πολιτείᾳ</strong></span> <span class='ocrx_word' id='word_1_297' title='bbox 697 4294 905 4360; x_wconf 72' lang='grc' dir='ltr'>προσεληλυθότος</span> <span class='ocrx_word' id='word_1_298' title='bbox 922 4288 999 4345; x_wconf 76' lang='grc' dir='ltr'><strong>αὑτοῦ</strong></span> <span class='ocrx_word' id='word_1_299' title='bbox 1017 4306 1114 4358; x_wconf 86' lang='lat' dir='ltr'><strong>parum</strong></span> <span class='ocrx_word' id='word_1_300' title='bbox 1131 4296 1254 4342; x_wconf 84' lang='lat' dir='ltr'><strong>accurate</strong></span> <span class='ocrx_word' id='word_1_301' title='bbox 1270 4289 1324 4341; x_wconf 90' lang='lat' dir='ltr'><strong>dici</strong></span> <span class='ocrx_word' id='word_1_302' title='bbox 1342 4287 1477 4339; x_wconf 84' lang='lat' dir='ltr'><strong>neminem</strong></span> 
     </span>
     <span class='ocr_line' id='line_1_36' title="bbox 248 4361 1477 4432; baseline -0.005 -17"><span class='ocrx_word' id='word_1_303' title='bbox 248 4365 328 4430; x_wconf 77' lang='lat' dir='ltr'><strong>fugit,</strong></span> <span class='ocrx_word' id='word_1_304' title='bbox 345 4379 406 4416; x_wconf 94' lang='lat' dir='ltr'><strong>cum</strong></span> <span class='ocrx_word' id='word_1_305' title='bbox 418 4364 568 4416; x_wconf 88' lang='lat' dir='ltr'><strong>contionem</strong></span> <span class='ocrx_word' id='word_1_306' title='bbox 582 4368 644 4432; x_wconf 82' lang='grc' dir='ltr'><strong>Περὶ</strong></span> <span class='ocrx_word' id='word_1_307' title='bbox 660 4371 708 4418; x_wconf 81' lang='grc' dir='ltr'><strong>τῶν</strong></span> <span class='ocrx_word' id='word_1_308' title='bbox 725 4369 865 4431; x_wconf 80' lang='grc' dir='ltr'>συμμοριῶν</span> <span class='ocrx_word' id='word_1_309' title='bbox 886 4364 1013 4414; x_wconf 83' lang='lat' dir='ltr'><strong>habuisse</strong></span> <span class='ocrx_word' id='word_1_310' title='bbox 1035 4369 1200 4428; x_wconf 88' lang='lat' dir='ltr'><strong>compertum</strong></span> <span class='ocrx_word' id='word_1_311' title='bbox 1217 4361 1253 4411; x_wconf 88' lang='lat' dir='ltr'><strong>sit</strong></span> <span class='ocrx_word' id='word_1_312' title='bbox 1270 4361 1477 4416; x_wconf 82' lang='lat' dir='ltr'><strong>Demosthenem</strong></span> 
     </span>
     <span class='ocr_line' id='line_1_37' title="bbox 250 4431 1479 4502; baseline -0.005 -17"><span class='ocrx_word' id='word_1_313' title='bbox 250 4451 293 4486; x_wconf 90' lang='lat' dir='ltr'><strong>an.</strong></span> <span class='ocrx_word' id='word_1_314' title='bbox 310 4435 383 4499; x_wconf 73' lang='lat' dir='ltr'>354]ss</span> <span class='ocrx_word' id='word_1_315' title='bbox 394 4435 435 4500; x_wconf 74' lang='grc' dir='ltr'><strong>(τ-</strong></span> <span class='ocrx_word' id='word_1_316' title='bbox 446 4435 486 4487; x_wconf 87' lang='lat'><strong>01.</strong></span> <span class='ocrx_word' id='word_1_317' title='bbox 495 4431 595 4498; x_wconf 86' lang='lat'>&#39;106‚3)‚</span> <span class='ocrx_word' id='word_1_318' title='bbox 612 4436 687 4502; x_wconf 79' lang='grc' dir='ltr'>Ὑπὲρ</span> <span class='ocrx_word' id='word_1_319' title='bbox 702 4441 909 4502; x_wconf 77' lang='grc' dir='ltr'><strong>Μεγαλοπολιτῶν</strong></span> <span class='ocrx_word' id='word_1_320' title='bbox 924 4442 1012 4486; x_wconf 89' lang='lat' dir='ltr'><strong>autem</strong></span> <span class='ocrx_word' id='word_1_321' title='bbox 1027 4449 1097 4484; x_wconf 88' lang='lat' dir='ltr'><strong>anno</strong></span> <span class='ocrx_word' id='word_1_322' title='bbox 1111 4432 1233 4499; x_wconf 88' lang='lat' dir='ltr'><strong>sequenti</strong></span> <span class='ocrx_word' id='word_1_323' title='bbox 1245 4431 1390 4498; x_wconf 89' lang='lat' dir='ltr'><strong>paucisque</strong></span> <span class='ocrx_word' id='word_1_324' title='bbox 1407 4445 1479 4481; x_wconf 85' lang='lat' dir='ltr'><strong>men·</strong></span> 
     </span>
     <span class='ocr_line' id='line_1_38' title="bbox 250 4505 613 4571; baseline 0.006 -15"><span class='ocrx_word' id='word_1_325' title='bbox 250 4507 324 4557; x_wconf 89' lang='lat' dir='ltr'><strong>sibus</strong></span> <span class='ocrx_word' id='word_1_326' title='bbox 336 4513 396 4571; x_wconf 79' lang='lat' dir='ltr'><strong>post</strong></span> <span class='ocrx_word' id='word_1_327' title='bbox 408 4505 613 4558; x_wconf 84' lang='lat' dir='ltr'><strong>Timocrateam.</strong></span> 
     </span>
    </p>

    <p class='ocr_par' dir='ltr' id='par_1_8' title="bbox 245 4573 1478 4715">
     <span class='ocr_line' id='line_1_39' title="bbox 280 4573 1478 4642; baseline -0.004 -14"><span class='ocrx_word' id='word_1_328' title='bbox 280 4577 305 4629; x_wconf 82' lang='lat'><strong>2.</strong></span> <span class='ocrx_word' id='word_1_329' title='bbox 322 4579 651 4640; x_wconf 75' lang='lat' dir='ltr'><strong>DeApopbtbeqmatum</strong></span> <span class='ocrx_word' id='word_1_330' title='bbox 660 4593 735 4642; x_wconf 81' lang='lat' dir='ltr'><strong>quae</strong></span> <span class='ocrx_word' id='word_1_331' title='bbox 748 4581 801 4630; x_wconf 82' lang='lat' dir='ltr'><strong>sub</strong></span> <span class='ocrx_word' id='word_1_332' title='bbox 813 4579 969 4630; x_wconf 79' lang='lat' dir='ltr'><strong>Plutarchi</strong></span> <span class='ocrx_word' id='word_1_333' title='bbox 982 4577 1102 4627; x_wconf 79' lang='lat' dir='ltr'><strong>nomine</strong></span> <span class='ocrx_word' id='word_1_334' title='bbox 1114 4579 1257 4638; x_wconf 79' lang='lat' dir='ltr'><strong>feruntur</strong></span> <span class='ocrx_word' id='word_1_335' title='bbox 1265 4573 1478 4624; x_wconf 77' lang='lat' dir='ltr'><strong>collectionibus</strong></span> 
     </span>
     <span class='ocr_line' id='line_1_40' title="bbox 245 4649 794 4715; baseline 0.002 -16"><span class='ocrx_word' id='word_1_336' title='bbox 245 4655 324 4712; x_wconf 80' lang='lat' dir='ltr'><strong>part.</strong></span> <span class='ocrx_word' id='word_1_337' title='bbox 337 4649 357 4698; x_wconf 97' lang='lat' dir='ltr'>I</span> <span class='ocrx_word' id='word_1_338' title='bbox 367 4649 607 4714; x_wconf 81' lang='lat' dir='ltr'><strong>(Gryphswaldiae‚</strong></span> <span class='ocrx_word' id='word_1_339' title='bbox 620 4649 702 4712; x_wconf 73' lang='lat'>1879),</span> <span class='ocrx_word' id='word_1_340' title='bbox 714 4665 740 4715; x_wconf 88' lang='lat' dir='ltr'><strong>p.</strong></span> <span class='ocrx_word' id='word_1_341' title='bbox 753 4649 794 4701; x_wconf 82' lang='lat'><strong>73.</strong></span> 
     </span>
    </p>

    <p class='ocr_par' dir='ltr' id='par_1_9' title="bbox 280 4720 541 4786">
     <span class='ocr_line' id='line_1_41' title="bbox 280 4720 541 4786; baseline 0.008 -16"><span class='ocrx_word' id='word_1_342' title='bbox 280 4720 306 4772; x_wconf 82' lang='lat'><strong>3.</strong></span> <span class='ocrx_word' id='word_1_343' title='bbox 322 4721 406 4784; x_wconf 72' lang='lat' dir='ltr'><strong>1bid„</strong></span> <span class='ocrx_word' id='word_1_344' title='bbox 419 4735 446 4786; x_wconf 87' lang='lat' dir='ltr'><strong>p.</strong></span> <span class='ocrx_word' id='word_1_345' title='bbox 456 4720 488 4770; x_wconf 80' lang='lat'><strong>37</strong></span> <span class='ocrx_word' id='word_1_346' title='bbox 500 4735 541 4785; x_wconf 86' lang='lat' dir='ltr'><strong>sq.</strong></span> 
     </span>
    </p>
   </div>
   <div class='ocr_carea' id='block_1_6' title="bbox 0 0 1788 5472">
    <p class='ocr_par' dir='ltr' id='par_1_10' title="bbox 0 0 1788 5472">
     <span class='ocr_line' id='line_1_42' title="bbox 0 0 1788 5472; baseline 0 0"><span class='ocrx_word' id='word_1_347' title='bbox 0 0 1788 5472; x_wconf 95' lang='lat' dir='ltr'><strong> </strong></span> 
     </span>
    </p>
   </div>
  </div>
 </body>
</html>
