3568 5472
274 447 317 512 46
799 464 829 510 c.
855 463 983 510 cnlux.

321 589 394 654 107.
421 583 589 653 Coriolani
603 585 663 652 vit.
681 605 709 652 c.
728 584 776 651 XI
795 605 802 650 τ
822 583 888 652 Ἐπὶ
907 591 994 652 πλέον
1011 588 1041 652 δὲ
1056 595 1096 672 τῷ
1110 592 1185 670 γένει
1199 593 1289 673 τούτῳ
1303 593 1352 654 καὶ
1369 588 1509 670 Ῥωμαῖοι

273 704 438 782 κέχρηνται,
464 693 644 778 Διαδήματόν
663 719 723 760 τινα
741 703 796 760 τῶν
820 694 980 780 Μετέλλων
999 697 1188 776 καλέσαντες,
1219 697 1261 760 ’ότι
1289 698 1378 762 πολύν
1405 703 1509 782 χρόνον

273 807 359 881 έλκος
383 808 457 889 ἔχων
480 807 649 887 περιενόστει
675 806 886 888 περιδεδεμένος
904 805 934 866 τὲ
961 808 1099 883 μέτωπον.
1126 801 1159 866 Is
1180 801 1290 867 hercle
1312 803 1506 888 cognomine

272 911 509 977 Diadematus
534 908 641 974 dictus
669 907 745 989 luit,
772 909 848 993 quia
867 908 1037 973 dz’odemu
1058 907 1186 974 serebat
1212 910 1234 974 i.
1260 930 1290 975 e.
1314 915 1508 991 διαδεδεμένος

272 1020 355 1101 (non
374 1015 595 1105 περιδεδεμένος)
619 1016 702 1083 erat.
727 1014 777 1083 Cf.
801 1016 978 1082 Demetrii
996 1016 1224 1082 vitellii:
1247 1017 1319 1100 (Τδν
1335 1016 1506 1103 Δημήτριον)

272 1121 470 1300 {paulinani
493 1131 542 1194 καὶ
567 1131 745 1207 διαδούμενον
770 1131 904 1210 περιττῶς
922 1129 1047 1202 καυσίαις
1070 1129 1203 1252 διμίτροις
1219 1129 1267 1190 καὶ
1286 1130 1508 1211 χρυσοπαρύφοις

290 1238 445 1320 λουρύγσιν.
471 1233 609 1299 Luciam
629 1232 772 1317 Dtaloq
790 1231 899 1296 Mori.
923 1231 1000 1311 XII,
1018 1232 1065 1296 3:
1088 1233 1175 1298 Εἱδ.
1163 1238 1173 1270 ·'
1194 1259 1248 1298 εστι
1244 1237 1358 1297 καλν
1350 1257 1397 1297 ων
1417 1258 1497 1298 ου
1500 1259 1508 1297 ι

272 1347 296 1408 δι
289 1347 500 1425 ιοτιδιαδηματι
514 1343 564 1426 τὴν
582 1342 783 1426 κεραλὴνδι.
754 1344 831 1405 εέδ-οε
898 1337 1079 1404 bombo
1095 1338 1249 1422 lelturh
1267 1338 1289 1402 l.
1307 1357 1382 1403 cum
1398 1338 1506 1404 codice

271 1446 486 1514 Matritensi:
504 1475 581 1535 τρι
569 1452 779 1514 νοοτιδα
750 1451 928 1527 aava,
915 1448 999 1527 δμέ.
986 1473 1046 1511 τπω
1048 1471 1088 1511 ον.
1108 1445 1202 1510 Unde
1222 1446 1333 1510 ortum
1353 1443 1506 1509 mendum

271 1561 493 1642 περιδεδεμένος,
518 1557 550 1620 ln
570 1555 683 1640 aperto
702 1554 763 1618 est.
785 1551 927 1616 —Fere
948 1551 1053 1616 simile
1072 1552 1258 1637 exemplum
1272 1552 1364 1618 vocis
1384 1553 1415 1617 in
1431 1551 1507 1617 vul-

271 1663 351 1748 gate
366 1663 513 1729 mutatae
528 1663 569 1728 ob
586 1661 712 1728 scribae
727 1658 869 1726 mentem
886 1657 1022 1723 alterius
1036 1658 1189 1726 vocabuli
1205 1661 1361 1724 memoria
1373 1679 1506 1744 occupa-

271 1769 340 1835 tam
350 1770 417 1835 vid.
435 1769 554 1836 Cicer.
569 1769 630 1837 vit.
645 1789 674 1834 c.
688 1768 736 1832 IX
750 1785 757 1830 :
776 1767 953 1852 Στρατηγιῖαν
968 1768 998 1831 δὲ
1013 1772 1160 1848 μετιόντων
1171 1766 1229 1848 ἅμα
1240 1770 1286 1832 σὺν
1302 1770 1375 1854 αὐτῷ
1388 1772 1505 1833 πολλῶν

270 1879 318 1943 καὶ
338 1881 473 1963 μεγάλων
492 1885 601 1965 πρῶτος
626 1879 752 1942 ἁπάντων
771 1872 953 1960 ἀνηγορεύθη,
970 1872 1027 1938 ubi
1045 1894 1104 1958 pro
1129 1876 1265 1959 μεγάλων
1284 1873 1413 1959 (μεγάλοι
1427 1874 1505 1940 ante

271 1983 336 2049 duo
354 2003 470 2050 versus
487 1983 557 2070 jam
576 1981 735 2064 occurrit)
759 1980 881 2046 diserte
899 1985 1033 2065 γενναίων
1047 1980 1181 2075 ¹legitur
1202 2001 1209 2044 :
1235 1980 1321 2065 quod
1339 1981 1500 2067 praestat.

270 2088 394 2156 -Sed
415 2089 454 2156 ut
478 2089 520 2156 ad
542 2087 729 2156 Coriolani
751 2088 854 2154 vitam
873 2087 1018 2167 redeam,
1036 2087 1141 2154 multo
1160 2086 1266 2174 major
1285 2087 1505 2175 discrepantia

270 2195 420 2262 lectionis
440 2197 475 2261 in
494 2215 566 2282 cap.
587 2196 702 2262 XVIII
720 2193 892 2261 Invenitur
914 2213 921 2259 :

509 2379 607 2453 vulg.
1100 2379 1175 2436 cod.
1195 2379 1234 2436 N.

277 2457 281 2466 ¹
352 2471 456 2534 ’Ἔλεγον
478 2469 504 2519 δὲ
522 2473 601 2520 ταῦτα
622 2466 764 2532 βουλόμενοι
785 2467 828 2518 τθν
933 2471 1038 2533 ’Ἔλεγον
1052 2469 1170 2521 δὲταῦτα
1184 2465 1459 2534 βουλδμενοιτδνΜάρ-

322 2537 435 2604 Μάρκιον
453 2541 468 2600 ἢ
484 2539 599 2591 ταπεινδν
612 2535 745 2600 ἀποδεῖξαι,
759 2539 829 2602 παρὰ
903 2556 955 2588 κιον
975 2541 990 2599 ἢ
1011 2540 1124 2590 ταπεινὸν
1144 2534 1281 2600 ἀποδεῖξαι,
1300 2541 1370 2604 παρὰ
1386 2539 1457 2604 φύσιν

322 2611 394 2677 φύσιν
412 2611 539 2698 ύρέγτα’
518 2629 546 2661 το
565 2610 678 2675 φρύνημιι
697 2613 739 2661 καὶ
759 2613 842 2674 θερα-
902 2610 1067 2675 θεραπεύοντα
1083 2613 1140 2668 τοὺς
1157 2611 1284 2668 πολλούς’
1274 2612 1323 2662 υπδ
1336 2612 1404 2668 δέους
1416 2611 1458 2662 καὶ

321 2681 430 2736 πτύοντα
444 2683 486 2733 τθν
503 2685 590 2767 δῆμον,
606 2683 621 2741 ἢ
638 2687 666 2746 τῇ
680 2681 751 2745 φύσει
763 2677 828 2747 χρώ·
901 2682 1109 2772 παραιτούμενον,
1120 2683 1134 2742 ἢ
1136 2679 1329 2770 φυλάττρντα“
1307 2701 1335 2732 το
1347 2682 1458 2747 φρύνημα

321 2771 394 2819 μενον
417 2749 553 2842 ρἰνήκιστογ
574 2747 765 2816 ἀπεργάσασθαι
783 2753 826 2811 τὴν
900 2755 943 2805 καὶ
958 2758 988 2829 τῇ
1005 2752 1076 2816 φύσει
1093 2749 1219 2818 χρώμενον
1234 2748 1370 2841 ἆγήκεστον
1383 2749 1458 2817 ἁπερ-

321 2827 383 2890 πρδς
399 2825 473 2876 αύτδν
488 2819 575 2889 ὀργήν.
900 2811 1025 2889 γάεαύθαι
1037 2827 1080 2884 τὴν
1094 2825 1155 2889 πρδς
1169 2844 1199 2876 αι.
1189 2825 1243 2875 τδν
1256 2819 1343 2889 ὀργήν.

270 2977 532 3048 Coriolanum
513 2976 589 3064 παρὰ
624 2983 699 3063 Ιρύσιν
732 2983 893 3065 θεραπεύειν
931 2979 995 3057 τοθς
1024 2979 1189 3056 πολλούς’
1180 2983 1231 3044 υπὸ
1263 2984 1292 3044 δέ
1295 3006 1341 3056 ους
1371 2980 1502 3076 proprie

270 3085 406 3168 dicit3ur
434 3081 490 3150 sed
514 3085 591 3171 παρὰ
615 3091 690 3171 φύσιν
709 3089 861 3171 ὑρεῑναιτδ
883 3092 1063 3172 catapan
1042 3084 1180 3151 utmihi
1203 3085 1334 3213 quidem
1354 3086 1498 3167 videtur,

270 3213 336 3258 non
351 3191 440 3259 item.
458 3193 595 3278 Insuper
609 3190 674 3258 duo
689 3192 769 3258 haec
782 3190 951 3258 membra
943 3212 976 3257 111
991 3191 1099 3258 codice
1112 3192 1142 3259 N
1159 3193 1235 3279 παρὰ
1201 3201 1323 3279 ρρύαν
1340 3201 1371 3260 θε
1360 3221 1443 3280 -εραπ
1431 3199 1501 3259 tat

268 3303 316 3366 axi
333 3306 522 3388 παραιτεῖσθαι
536 3301 600 3377 τούς
619 3303 745 3378 πολλέυς
764 3301 796 3365 et
813 3303 958 3385 ρυλύττειν
974 3303 1005 3365 τὸ
1020 3306 1145 3386 ρρένημα
1163 3305 1210 3366 καί.
1229 3314 1262 3386 πῃ
1283 3306 1358 3385 ρύοει
1377 3308 1497 3386 χρῆσθαι

271 3406 515 3487 convententer,
533 3407 571 3472 ut
585 3407 818 3492 contraposita,
836 3406 979 3472 alterum
995 3406 1090 3472 alteri
1105 3405 1320 3492 respondent3
1338 3406 1502 3473 claudicat

271 3513 359 3578 certe
391 3513 553 3579 sententia
580 3514 685 3597 qualis
718 3516 752 3580 ln
786 3514 925 3600 vulgata
956 3513 1133 3599 comparet.
1173 3513 1355 3599 Propterea
1388 3514 1499 3580 nullus

271 3618 387 3685 dubito
405 3621 484 3703 quin
511 3619 572 3685 hoc
601 3621 673 3686 loco
699 3622 802 3687 etiam
828 3621 1000 3687 Plutarchi
1024 3622 1163 3707 pessime
1190 3619 1305 3686 habita
1329 3619 1500 3704 laceraque

270 3725 372 3792 uerba
395 3725 436 3790 ab
460 3725 572 3809 aIIquo
596 3726 728 3792 homine
754 3728 992 3813 grammatico,
1028 3727 1151 3792 nullius
1192 3727 1382 3812 integriorIs
1423 3725 1498 3793 libri

270 3832 396 3898 auxilio
430 3831 589 3914 adhibite,
619 3833 804 3900 inconsulte
832 3832 955 3899 luerint
980 3835 1014 3899 in
1043 3855 1080 3899 eo
1098 3833 1206 3899 codice
1231 3835 1371 3914 resarta,
1398 3855 1498 3919 equo

269 3935 406 4004 fluxerit
420 3938 565 4024 vulgata.
587 3940 649 4006 Sed
663 3941 736 4028 jam
751 3940 781 4007 N
795 3941 824 4005 si
844 3940 977 4006 secutus
991 3941 1068 4020 eris,
1085 3943 1196 4006 omnia
1212 3939 1294 4007 bene
1309 3961 1344 4006 se
1361 3940 1495 4007 habent.

316 4082 390 4147 108.
417 4081 563 4168 Denique
581 4082 775 4149 Corculum
789 4083 851 4150 vit
869 4103 897 4149 c.
911 4084 997 4147 XX
990 4106 1024 4149 in
1043 4084 1096 4148 his
1111 4083 1245 4150 verbis
1269 4083 1347 4149 ’‘H
1312 4111 1418 4171 ρεωτησ
1435 4086 1499 4163 τούς
1540 4167 1543 4175 Ι

270 4191 489 4274 δημάρχους,τι’
464 4206 708 4277 τκατηγορούσιν
728 4194 809 4257 αθτου
831 4197 921 4258 καὶπ
905 4218 962 4277 ..ερι
982 4197 1054 4269 τίνος
1072 4218 1118 4278 κρ
1120 4198 1223 4274 θησομ
1225 4195 1334 4259 ινεπι
1347 4218 1394 4258 τον
1411 4197 1498 4276 δῆμον

269 4295 425 4379 ἐξάγουσιν.
448 4298 521 4362 Εἰπέ
509 4297 673 4363 ντωνδ’
663 4325 712 4363 εκε
714 4303 776 4363 ύνων
796 4299 836 4364 ὀἐι
855 4302 1011 4385 τυραννίς’
1002 4326 1058 4364 εστι
1076 4302 1106 4364 τδ
1127 4303 1260 4383 ἔγκλημα
1287 4303 1335 4365 καὶ
1359 4312 1496 4386 τυραννεῖν

269 4406 460 4485 διανοούμενον
483 4401 671 4482 ἀποδείξουσιν
697 4408 777 4471 αθτέν
797 4412 878 4488 κτλ,
898 4404 1053 4471 libentius
1073 4426 1146 4471 cum
1165 4405 1274 4471 codice
1292 4405 1321 4471 N
1341 4412 1497 4493 τυραννίδος

269 4509 325 4574 ἐστὶ
343 4512 374 4575 τὸ
396 4515 529 4594 ἔγκλημα
549 4510 701 4592 scribam,
721 4511 836 4577 eodem
854 4511 948 4577 modo
964 4531 1028 4596 quo
1042 4515 1133 4600 γραρὴ
1148 4519 1316 4600 παρανόμων
1335 4513 1389 4580 vel
1404 4516 1496 4601 γραφὴ

268 4622 425 4701 τυραννίδος
443 4615 530 4702 apud
549 4618 676 4684 Atticos
696 4617 761 4685 dici
775 4617 914 4684 solebat.

313 4721 441 4789 Multae
460 4725 635 4809 supersunt
652 4726 685 4790 in
701 4725 807 4791 codice
821 4726 851 4793 N
867 4725 1086 4812 discrepantes
1104 4725 1258 4794 lectiones
1277 4748 1358 4812 quas
1385 4727 1494 4813 magni
