3568 5472
301 417 342 492 14
819 434 850 480 c.
876 433 1006 481 onsux.

300 557 517 624 Lambiniana
531 554 669 638 addunt,
691 556 873 644 plurimum
886 555 1067 622 sententiae
1082 555 1226 642 prodest.
1244 555 1354 624 Facile
1370 555 1420 622 est
1434 554 1532 622 intel·

299 665 387 731 lectu
410 663 582 750 quomodo,
607 662 682 750 post
700 662 906 740 Nocunlc,
938 662 1013 729 ΔΙΟ
1037 663 1148 730 oculos
1172 662 1297 731 scribae
1322 661 1446 750 sugerit
1470 663 1532 747 (sic

300 773 387 839 enim
412 772 542 859 saepius
568 771 692 850 νοπώδΙς
719 790 779 858 pro
803 771 943 849 νοοιίδΗς
961 771 995 837 in
1013 769 1178 838 codicibus
1196 790 1297 836 manu
1324 770 1455 857 scriptis
1478 780 1532 846 vel

300 879 542 964 antiquissimis
562 878 722 966 scriptum
740 877 840 944 fuisse
860 897 958 944 nemo
972 879 1103 962 nescit).

345 1031 400 1097 38.
428 1029 521 1098 Ἔνιοι
540 1037 571 1098 δέ
591 1029 689 1116 τινες].
714 1051 732 1097 (ι
752 1029 841 1098 Num
859 1057 931 1108 τινες
950 1028 1123 1096 delendum
1142 1029 1203 1111 cst,
1221 1048 1264 1095 an
1279 1034 1344 1096 ἔνιοι
1365 1049 1442 1096 cum
1462 1055 1535 1107 τινες

302 1137 448 1224 copulari
472 1137 580 1204 soleti
604 1159 622 1201 »
648 1137 811 1220 (Reiske).
833 1159 917 1202 -‹
942 1137 1023 1202 Mihi
1042 1134 1174 1220 quidem
1193 1141 1258 1202 ἔνιοι
1283 1155 1324 1202 ex
1348 1136 1534 1222 praemissis

303 1245 387 1311 male
405 1246 587 1332 repetitum
600 1243 733 1311 videtur
751 1263 811 1332 pro
829 1250 927 1312 ἄλλοι.
946 1265 963 1306 ν
980 1241 1151 1328 (Hutten).
1173 1241 1269 1308 Haud
1285 1241 1424 1309 multum
1441 1242 1535 1309 abest

302 1373 323 1419 a
342 1373 420 1420 vero
432 1353 594 1438 Georgius
608 1351 749 1434 Hutten,
767 1371 845 1417 nam
858 1351 887 1418 N
899 1351 1037 1438 praebet
1055 1350 1226 1418 lectionem
1243 1349 1408 1416 meliorem
1419 1346 1534 1437 Ἕτερον

303 1466 334 1526 δέ
352 1485 435 1538 τινες.
461 1458 653 1543 Quanquam
674 1480 736 1524 non
764 1457 981 1524 intolerabilis
1000 1458 1050 1523 est
1072 1456 1248 1524 verborum
1271 1476 1450 1523 concursus
1470 1461 1535 1522 ἔνιοί

303 1592 386 1649 τινες,
411 1565 495 1633 teste
518 1566 656 1632 Platone
681 1567 714 1631 in
739 1566 903 1642 Ροίίίιόο,
931 1584 958 1630 0.
981 1565 1052 1644 XL,
1073 1585 1105 1650 p.
1127 1564 1235 1632 302A
1259 1584 1265 1629 τ
1295 1564 1461 1650 Πάαχουσαι
1479 1562 1535 1649 γὰρ

215 1701 218 1706 ·
304 1677 338 1759 δὴ
357 1687 469 1743 τοιαῦτα
490 1680 517 1741 αί
538 1679 638 1753 πόλεις
655 1687 701 1739 νῦν
718 1679 819 1760 χρόνον
840 1670 1004 1761 ἀπέραντον,
1026 1674 1104 1754 ’ὅμως
1124 1676 1210 1738 ἔνιαί
1227 1698 1299 1749 τινες
1319 1673 1407 1738 αὐτῶν
1426 1676 1535 1754 μόνιμοί

303 1787 334 1847 τέ
353 1782 403 1848 τίοι
421 1785 469 1849 καί
484 1782 534 1848 οίικ
548 1777 746 1868 ἀνατρέπονται
765 1808 772 1822 ·
791 1785 899 1848 πολλαὶ
915 1781 969 1865 μὴν
983 1787 1051 1848 κτλ.

348 1933 404 2000 39.
430 1935 493 2022 Γάρ
510 1933 640 2013 vocula,
656 1952 754 2018 quam
774 1932 913 2020 vulgata
931 1931 1035 2012 addit,
1056 1953 1122 1998 non
1139 1929 1267 2018 indiget
1280 1930 1453 1997 sententia.

349 2083 405 2148 40.
432 2081 647 2149 Grammatici
674 2083 804 2150 certant
822 2085 936 2150 utrum
955 2084 1120 2171 παρώνυμον
1144 2081 1227 2149 idem
1251 2081 1362 2149 valeat
1380 2101 1419 2148 ac
1439 2107 1544 2169 παρω-.

305 2197 411 2272 νύμιον,
433 2190 455 2253 1.
479 2209 508 2255 e.
530 2210 720 2276 cognomen,
741 2211 842 2257 necne
866 2189 924 2275 (cf.
950 2191 1126 2258 Tbesaur.
1151 2191 1246 2277 ίίνιρ.
1267 2211 1342 2276 qr„
1364 2210 1391 2255 s.
1414 2189 1449 2255 h.
1471 2190 1534 2272 v.).

305 2294 399 2374 Quod
426 2315 501 2362 cum
528 2297 667 2384 negaret
694 2297 833 2379 Comes,
867 2298 920 2364 hic
948 2297 1035 2385 apud
1061 2296 1276 2367 Plutarchum
1307 2294 1537 2383 corrigendum

230 2397 237 2410 ⁸
307 2401 447 2470 ducebat
469 2412 655 2492 reperturos.
682 2405 774 2470 Licet
801 2425 866 2471 non
890 2405 974 2471 mihi
997 2406 1040 2471 sit
1067 2391 1268 2490 compertum
1291 2405 1455 2493 παρώνυμον
1478 2401 1538 2469 tali

306 2509 490 2576 adhibitum
509 2529 607 2576 sensu
622 2509 745 2596 ubique
760 2511 951 2579 mendosum
966 2532 1049 2593 esse,
1062 2511 1276 2578 nihilominus
1296 2511 1349 2578 hic
1363 2511 1397 2576 in
1416 2511 1538 2576 Demo·

306 2619 440 2684 sthenis
450 2617 522 2684 vita
531 2617 671 2703 scribam
687 2627 873 2707 παρωνύμιον,
887 2638 971 2704 quae
985 2618 1090 2684 forma
1102 2619 1236 2705 propius
1249 2616 1370 2684 accedit
1384 2615 1538 2683 ductibus

309 2725 400 2791 vocis
427 2733 622 2812 παρωνύμενον
652 2724 841 2812 compendio
874 2725 1047 2812 scriptae:
1076 2726 1265 2814 sopovtppffi'.
1295 2763 1341 2775 -
1370 2720 1423 2807 Ὃ,
1453 2721 1538 2808 quod

309 2829 460 2915 seqnitur
478 2831 512 2896 in
530 2831 574 2912 N,
590 2830 677 2897 male
695 2831 853 2900 abundat.

351 2983 407 3048 41.
439 2979 548 3069 Ἀργᾶς
575 2982 655 3067 (non
679 2981 809 3072 Ἄργος)
828 2983 858 3049 Ν
876 2985 910 3051 et
932 2983 1032 3050 editio
1059 2983 1220 3070 posterior
1244 2983 1352 3051 Caroli
1379 2982 1536 3049 Sintenis·

307 3089 353 3154 De
371 3109 449 3156 vero
463 3090 600 3156 accentu
619 3089 722 3178 hujus
741 3091 884 3158 nominis
903 3091 958 3158 adi
972 3091 1114 3160 Gustavi
1133 3089 1287 3156 Benseler
1307 3090 1539 3159 Wb'rterbucd

308 3196 376 3262 der
393 3198 640 3282 griechischen
657 3199 917 3285 d'igennamen,
934 3217 1066 3286 p.xv111
1084 3199 1122 3281 et
1136 3219 1168 3285 p.
1193 3199 1267 3265 116.
1281 3289 1285 3298 Ι

355 3347 411 3413 42.
437 3348 549 3415 Verba
571 3349 645 3415 κατὰ
664 3350 812 3436 Πλάτωνα
834 3350 969 3417 exstant
988 3352 1022 3417 in
1043 3351 1072 3417 N
1091 3351 1176 3419 sicut
1196 3352 1229 3417 in
1254 3350 1370 3418 ceteris
1389 3349 1540 3417 omnibus

311 3453 488 3522 codicibus.
507 3457 552 3521 De
566 3455 685 3539 quibus
700 3476 794 3523 nemo
808 3457 989 3543 sapientius
1004 3469 1102 3543 qnam
1118 3459 1240 3526 Goraes
1256 3456 1416 3546 judicium
1434 3456 1513 3523 fecit
1529 3478 1536 3522 :

313 3584 330 3624 ιι
345 3563 456 3650 Χρῆται
471 3563 522 3643 μὲν
537 3562 690 3630 δΠλάτων
705 3577 739 3652 τη
754 3566 822 3653 αὐτῇ
836 3568 855 3650 ἢ
869 3570 1051 3655 παραπλησίᾳ
1071 3569 1177 3654 ρροίοει,
1191 3563 1248 3632 οἷον
1264 3569 1292 3632 ἐν
1306 3573 1345 3653 τῷ
1357 3567 1540 3651 Συμποσίῳ

312 3669 390 3753 (οελ.
409 3670 491 3753 220)
514 3675 598 3752 ,,κα“ι
620 3673 800 3754 ταῦταμὲν
820 3675 858 3758 δὴ
884 3675 1018 3740 ταῦτα“
1037 3701 1043 3716 ·
1060 3671 1129 3740 ἀλλ’
1148 3673 1178 3739 cb
1198 3674 1242 3739 διὰ
1259 3686 1338 3740 τοῦτο
1354 3678 1402 3764 καὶ
1416 3674 1491 3752 ἄξιον
1505 3671 1540 3755 ἦν

312 3779 437 3863 μάρτυρα
463 3783 654 3864 παρασχέσθαι
679 3778 826 3844 Πλάτωνα
853 3793 903 3863 τῆς
927 3784 1064 3868 ρράτειυς.
1097 3780 1150 3845 Διὸ
1181 3782 1229 3846 καί
1261 3785 1443 3867 διαγραπτέον
1473 3778 1540 3846 εἶναι

312 3883 407 3961 ἔδοξεν
433 3886 560 3969 εὐλόγως
575 3893 614 3971 τῷ
631 3886 817 3973 Βυτεμδαχίῳ
837 3887 1098 3972 (Wybtenbach)
1121 3885 1172 3964 τδις
1187 3892 1350 3964 τελευταίας
1368 3891 1416 3953 δύο
1432 3887 1536 3969 λέξεις,

314 3990 413 4057 Κατὰ
432 3991 658 4057 Πλάτωνα.»

729 4224 920 4286 Demosth.
942 4224 1008 4286 vit.
1032 4242 1064 4288 c.
1087 4225 1123 4286 5.

357 4402 420 4484 Τῆς
432 4402 462 4468 δὲ
474 4405 544 4488 πρὸς
557 4404 621 4480 τοὺς
631 4407 736 4488 λόγους
751 4409 842 4491 ὁρμῆς
855 4401 944 4491 ἀρχὴν
959 4404 1033 4491 αὐτῷ
1045 4431 1108 4490 ρααι
1124 4411 1251 4486 τοιαύτην
1263 4409 1403 4490 γενέσθαι.
1421 4406 1540 4471 Καλλι-

314 4547 430 4633 στροίτου
452 4559 498 4612 τοῦ
517 4553 633 4634 ῥήτορος
656 4543 837 4632 ἀγωνίζεσθαι
859 4549 909 4630 την
928 4551 990 4635 περὶ
1015 4545 1147 4634 Ὠρωποῦ
1166 4514 1253 4635 κρίσιν
1272 4551 1301 4615 ὲν
1318 4557 1357 4636 τῷ
1376 4552 1541 4635 δικαστηρίῳ

314 4692 482 4768 μέλλοντος,
504 4688 538 4769 ἢν
557 4692 709 4774 προσδοκία
732 4701 782 4770 της
806 4692 886 4771 δίκης
909 4691 1023 4774 μεγάλη
1044 4691 1089 4755 διοί
1107 4715 1138 4755 τε
1155 4690 1204 4774 την
1223 4702 1270 4756 τοῦ
1291 4697 1408 4778 ῥήτορος
1428 4685 1548 4772 δύναμιν
1578 4751 1581 4758 .
