3568 5472
330 465 374 532 48
852 482 882 531 c.
908 481 1037 531 ennox.

329 613 380 676 ἕνα
405 615 460 674 τῶν
491 611 555 673 τότε
586 611 808 688 πολιτευομένων
838 603 987 689 Ἀθήνησιν
1018 603 1212 692 ἀποφαίνεσθαι
1243 612 1373 692 μέγιστον
1405 605 1456 688 μέν
1490 605 1558 672 εἶναι

328 726 433 805 ρητορα
445 719 491 781 τὸν
506 712 662 798 (articulo
681 713 727 779 ibi
741 713 774 779 et
788 733 905 779 rursus
919 713 995 779 ante
1014 713 1154 780 Φωκίωνα
1172 713 1263 780 caret
1278 713 1431 800 Vulgata)
1455 713 1557 797 Δημο-

329 830 438 906 σθένην,
464 820 651 888 δυνατώτατον
682 822 712 887 δέ
738 821 824 888 εἰπεῖν
849 824 897 887 τὸν
922 820 1062 887 Φωκίωνα
1084 847 1090 861 ·
1113 827 1243 888 πλεῖστον
1263 820 1319 908 γὰρ
1347 824 1375 887 ἐν
1399 824 1558 910 βραχυτάτῃ

328 933 407 1011 λέξει
425 942 487 996 νοῦν
507 931 642 1014 ἐκρέρειν.

374 1037 453 1123 Cap.
476 1035 557 1101 XIV
579 1034 700 1100 iterum
713 1051 801 1099 unus
826 1033 989 1101 discordat
1006 1033 1037 1100 N
1060 1033 1244 1122 avulgata,
1265 1054 1365 1120 quam
1379 1034 1556 1102 exscribo:

336 1145 454 1232 Ἱστορεῖ
471 1145 502 1210 δὲ
520 1147 567 1210 καί
586 1142 759 1224 Θεόπομπος
773 1143 825 1226 θτι,
843 1151 897 1209 τῶν
918 1142 1075 1226 Ἀθηναίων
1090 1144 1135 1209 ἐπί
1148 1169 1208 1208 τινα
1222 1148 1462 1231 προθαλλομένων
1476 1144 1559 1208 αὐτὸν

329 1257 510 1338 κατηγορίαν,
538 1255 577 1328 ὡς
604 1252 657 1336 οίιχ
679 1258 801 1334 ὑπήκουε
825 1257 1021 1338 θορνθούντων,
1048 1247 1168 1329 ἀναστὰς
1188 1250 1290 1318 εἶπεν·
1319 1249 1418 1333 Ὑμεῖς
1441 1246 1559 1332 ἐμοί,ὧ

331 1365 429 1446 ἄνδρες
453 1355 607 1440 Ἀθηναῖοι,
629 1362 777 1445 συμθοθλῳ
797 1365 859 1440 μέν,
881 1363 933 1424 κᾶν
957 1361 996 1442 μὴ
1018 1363 1132 1440 θέλητε,
1155 1365 1317 1444 χρήσεσθε·
1341 1361 1492 1446 συκοροίντη
1513 1359 1555 1432 δὲ,

330 1466 387 1533 οὔδ’
405 1466 452 1532 ἐὰν
466 1465 529 1548 (εἰσ
541 1464 571 1531 N
585 1484 660 1530 oum
674 1465 809 1549 antiqua
824 1464 976 1550 vulgata)
993 1469 1107 1548 θέλητε.
1126 1487 1145 1529 υ
1162 1464 1359 1530 Addendnm
1373 1463 1512 1550 putabat
1529 1466 1560 1529 δέ
1655 1451 1657 1457 ’

331 1574 404 1661 post
423 1578 461 1650 ὡς
486 1572 539 1639 vel
562 1577 611 1639 καί
638 1572 714 1638 ante
737 1571 873 1638 eandem
897 1592 1011 1638 vocem
1030 1572 1253 1656 Hieronymus
1277 1570 1383 1648 Wolf,
1405 1559 1503 1655 atque
1525 1570 1560 1634 in

332 1680 410 1746 edit.
425 1679 648 1746 Sintenisiana
659 1679 785 1746 minore
799 1698 957 1745 excusum
972 1678 1044 1744 est:
1061 1684 1100 1758 ὡς
1114 1678 1138 1746 δ’
1154 1682 1207 1765 οὐχ
1220 1687 1352 1763 ὑπήκουε.
1367 1678 1428 1745 Sed
1443 1676 1559 1742 melius

331 1808 406 1854 oum
420 1787 450 1852 N
465 1786 644 1851 restituas:
665 1785 712 1853 εἶτ’
730 1790 769 1864 ὡς
783 1788 836 1871 οὐχ
849 1793 914 1853 κτλ.
931 1785 1013 1853 Cum
1028 1785 1140 1850 eodem
1155 1805 1284 1870 quoque
1298 1786 1384 1851 libro
1398 1786 1560 1870 corrigen-

332 1893 411 1959 dum
427 1898 644 1980 θορυθουμένων,
663 1891 783 1958 collato
801 1892 870 1958 loco
885 1891 989 1956 libelli
1006 1891 1064 1958 Αιι
1080 1893 1163 1958 seui
1177 1892 1378 1976 respublica
1392 1891 1557 1978 peremta

331 2003 380 2066 Sil
400 2002 443 2084 (c.
465 2000 506 2080 Il,
523 2020 556 2084 p.
578 2000 643 2065 784
663 1999 700 2082 D)
722 2020 729 2065 :
752 1998 847 2076 Αὐτθς
870 2002 900 2065 δέ
920 2001 949 2079 (δ
969 2001 1087 2083 Κάτων)
1111 2001 1175 2077 τοὺς
1197 2007 1275 2077 νέους
1298 2005 1370 2066 ἔθεσι
1396 2003 1443 2064 καί
1465 2004 1560 2080 νέμοις

332 2107 474 2192 αθστηρῶς
502 2112 684 2192 σωφρονίζων,
712 2111 755 2184 ὡς
783 2109 1038 2194 ἐθορυθηθησαν
1061 2133 1067 2147 ·
1092 2129 1110 2170 ε
1137 2105 1305 2188 Ἀκούσατε,
1328 2128 1346 2170 ν
1369 2105 1441 2185 εἶπε,
1464 2125 1482 2167 τι
1504 2111 1560 2171 νέοι

331 2219 472 2299 γέροντος,
490 2211 520 2278 οὗ
539 2218 602 2278 νέου
624 2219 754 2300 γέροντες
775 2221 888 2295 ἤκουον.
911 2234 930 2277 ν
953 2212 1015 2280 Sed
1031 2212 1100 2299 jam
1120 2212 1160 2279 ad
1186 2213 1390 2299 potissimam
1415 2212 1561 2278 lectionis

331 2319 526 2384 varietatem
545 2319 662 2385 accedo
683 2339 690 2384 :
712 2340 771 2406 pro
791 2320 964 2404 Θεόπομπος
981 2321 1090 2386 exibet
1107 2321 1137 2388 N
1156 2321 1336 2409 Θεόφραστος
1353 2341 1360 2386 :
1381 2319 1467 2406 quod
1487 2320 1558 2385 sine

335 2426 435 2492 dubio
453 2446 568 2492 censeo
583 2427 820 2513 recipiendum.

377 2533 508 2599 Etenim
536 2533 780 2622 Theopompum
801 2555 835 2602 se
854 2554 927 2600 oum
948 2536 1095 2600 omnium
1114 2543 1167 2602 τῶν
1188 2541 1397 2623 δημοκρατιῶν
1416 2535 1488 2601 tum
1507 2555 1563 2621 pe-

332 2640 502 2706 culiariter
521 2641 751 2708 Demosthenis
769 2642 1024 2710 obtrectatorem
1048 2642 1237 2728 praebuisse
1259 2642 1469 2708 notissimum
1491 2643 1558 2725 est3

331 2746 547 2813 Plutarchum
571 2749 682 2816 autem
705 2751 831 2838 injusta
858 2751 969 2818 omnia
996 2751 1195 2836 Theopompi
1212 2751 1336 2838 judicia
1354 2751 1561 2838 redarguere

331 2856 550 2922 consuevisse.
571 2858 646 2923 Iam
664 2858 906 2944 vituperatione
926 2858 1024 2938 hunc,
1045 2858 1138 2923 illum
1158 2858 1262 2943 igitur
1280 2856 1465 2946 ἀπολογισμῷ
1486 2859 1561 2924 abs·

333 2962 480 3042 tinuisse,
498 2982 573 3029 cum
592 2962 630 3030 de
646 2966 741 3050 p'alre
758 2965 987 3030 Demosthenis
1003 2963 1162 3050 ageretur
1176 2967 1261 3050 (cap.
1275 2964 1338 3047 IV)
1351 2965 1398 3030 nil
1416 2969 1560 3031 mirum:

220 3146 224 3156 ¹
333 3070 515 3153 Δημοσθένης
533 3078 548 3138 δ
566 3074 657 3159 πατὴρ
673 3056 871 3155 Δημοσθένους
885 3076 918 3156 ἦν
939 3075 990 3155 μέν
1004 3082 1058 3140 τῶν
1076 3076 1174 3140 καλῶν
1188 3078 1235 3139 καὶ
1254 3071 1366 3158 ἀγαθῶν
1387 3070 1505 3160 ἀνδρῶν,
1524 3079 1562 3151 ὡς

334 3184 435 3264 ἱστορεῖ
456 3177 638 3261 Θεόπομπος,
663 3182 829 3246 ἐπεκαλεῖτο
851 3183 881 3246 δέ
903 3183 1104 3267 μαχαιροποιθς
1128 3184 1308 3267 ἐργαστήριον
1328 3186 1402 3266 ἔχων
1421 3188 1496 3266 μέγα
1515 3185 1563 3247 καί

335 3290 452 3362 δούλους
472 3291 598 3371 τεχνίτας
618 3287 682 3365 τοθς
700 3301 780 3354 τοῦτο
803 3291 984 3374 πράττοντας.
1007 3287 1070 3353 Ter
1088 3308 1168 3354 vero
1182 3287 1264 3352 alias
1283 3288 1314 3351 in
1335 3286 1563 3352 Demosthenis

333 3391 415 3471 vita,
435 3393 617 3478 susceptam
637 3414 807 3479 personam
827 3395 966 3479 uterque
986 3395 1083 3480 gerit,
1104 3396 1328 3481 Theopompus
1349 3393 1560 3473 accusatoris,

333 3497 514 3565 defensoris
533 3499 733 3567 Plutarchus
755 3522 762 3566 :
784 3503 817 3566 1ο
832 3502 911 3588 Cap.
928 3502 1006 3566 XIII
1023 3503 1095 3567 lnit.
1112 3498 1201 3569 Ὅθεν
1217 3501 1332 3569 οὐκοῖδ’
1351 3505 1427 3580 θπως
1441 3508 1563 3588 παρέστη

334 3605 497 3693 Θεοπίμπῳ
515 3611 622 3691 λέγειν,
645 3611 726 3675 αὐτὸν
747 3611 808 3693 (τὸν
828 3608 1025 3694 Δημοσθένην)
1045 3608 1171 3676 ἀθέθαιον
1190 3619 1229 3697 τῷ
1243 3617 1337 3697 τρίτῳ
1355 3616 1502 3695 γεγονέναι
1516 3613 1564 3675 καὶ

335 3721 405 3796 μήτε
423 3716 566 3799 πράγμασι
585 3714 648 3797 μητ’
669 3713 823 3802 ἀνθρώποις
837 3718 926 3783 τολὺν
944 3724 1045 3803 χρόνον
1063 3731 1121 3796 τοῖς
1135 3720 1227 3795 αὐτοῖς
1244 3721 1381 3800 ἐπιμένειν
1400 3720 1560 3798 δυνάμενον.

335 3818 467 3885 Φαίνεται
480 3820 536 3909 γὰρ
549 3828 615 3888 κτλ.
632 3820 803 3906 (Sequitur
822 3823 903 3888 satis
917 3824 1018 3909 longa
1031 3823 1217 3908 refutatio)
1233 3861 1276 3873 -
1290 3824 1327 3888 2⁰
1340 3824 1420 3909 Cap.
1433 3823 1561 3889 XVIII.

340 3925 381 3991 ‘H
396 3929 426 3993 δέ
440 3941 486 3994 τοῦ
506 3936 622 4016 ῥήτορος
636 3936 761 4013 δύναμις,
785 3933 899 4017 ὦς’ρησι
920 3933 1103 4016 Θεέπομπος,
1119 3936 1294 4019 ἐκριπίζουσα
1305 3937 1353 3998 τὸν
1371 3935 1457 4014 θυμὸν
1476 3932 1564 3997 αὀτῶν

335 4035 372 4115 (i.
394 4055 423 4100 e.
444 4044 500 4102 τῶν
525 4037 670 4122 Θηθαίων)
693 4042 741 4104 καὶ
764 4043 923 4105 διακαίουσα
942 4042 1001 4124 clp-
1011 4045 1165 4126 φιλοτιμίαν
1190 4043 1358 4122 ἐπεσκότησε
1380 4052 1437 4118 τοῖς
1461 4043 1565 4116 σίλλοις

335 4141 445 4224 ἅπασιν,
464 4145 595 4212 ὥστεκαὶ
615 4145 675 4229 (sic
689 4145 732 4228 N)
748 4152 779 4231 ρο
799 4173 828 4212 ον
841 4151 887 4213 κοίι
901 4151 1037 4231 λογισμὸν
1051 4152 1099 4214 καί
1112 4150 1193 4234 χοίριν
1210 4149 1338 4212 ἐκθαλεϊν
1356 4148 1455 4223 αὐτοὺς
1469 4148 1563 4211 ἐνθου·
1618 4211 1623 4219 ,

336 4259 451 4327 σιῶντας
468 4255 520 4317 ὑπὸ
539 4266 586 4319 τοῦ
605 4258 692 4338 λόγου
707 4256 777 4339 πρὸς
790 4257 821 4318 τὸ
840 4259 930 4319 καλόν
948 4259 1044 4319 κτλ...
1064 4253 1141 4341 Παρ’
1158 4251 1322 4340 οἰμροτέροις
1341 4254 1412 4335 (τοῖς
1431 4253 1565 4334 Θηθαίοις

335 4362 450 4435 καὶτοῖς
466 4357 637 4442 Ἀθηναίοις)
649 4365 856 4438 δυναστεύοντος
871 4364 932 4444 (τοῦ
945 4361 1166 4444 Δημοσθένους),
1185 4365 1235 4427 oba
1250 4359 1352 4439 ἀδίκως
1364 4361 1405 4446 (οὔ
1420 4368 1515 4435 κακῶς
1524 4357 1563 4442 Ν)

336 4468 399 4531 οὐδὲ
418 4464 483 4551 παρ’
501 4463 578 4543 οἰξίοιν
597 4467 688 4553 ὥσπερ
704 4469 843 4553 (καθάπερ
862 4469 907 4549 Ν)
927 4466 1104 4552 ἀποφαίνεται
1123 4470 1307 4550 Θεόπομπος,
1328 4465 1474 4532 ἀλλὰκαὶ
1494 4467 1564 4530 πάνυ

336 4577 530 4659 προσηκόντως
539 4567 562 4638 ¹.
573 4609 616 4619 -
626 4574 783 4658 Denique,
792 4575 840 4655 3⁰,
849 4594 921 4660 cap.
935 4575 1026 4639 XXI.
1038 4576 1118 4640 Post
1128 4575 1391 4642 Chaeronensem
1399 4573 1563 4659 acceptam

369 4771 391 4820 1.
409 4771 448 4822 CI.
471 4773 522 4822 Vic
537 4775 571 4823 de
586 4773 774 4824 Demosthene
784 4788 833 4838 par
844 4774 1000 4840 Plutarque,
1012 4781 1079 4826 texte
1090 4791 1155 4826 reru
1170 4791 1218 4841 par
1233 4776 1269 4828 Μ.
1287 4776 1332 4827 Fr.
1345 4777 1452 4827 Dubner
1469 4775 1564 4839 (Paris,
