3568 5472
453 500 459 509 .
508 463 584 520 DE
609 463 799 514 Pnunnsoffl
824 465 945 515 comen
965 449 1478 516 mnrn1rnnsn23

252 656 363 735 βασιλεῖ
381 657 514 739 γενομί
484 678 522 718 ιω
542 651 627 740 liupo
613 634 667 718 θων
687 653 880 720 ἐπιτιθέναι
852 681 883 721 το
902 656 1024 738 διάδημα
1042 682 1063 721 ιτ
1064 662 1162 742 ριῖιτος.
1185 585 1429 742 ιἈρροίδδηιίνίωί
1334 658 1478 723 δίτοΰτον

167 812 173 827 ·
251 789 324 851 αιίτὸς
339 792 387 854 (65)
582 789 605 851 ἒς

251 861 332 926 αὀτὸν
347 861 557 942 ἐξεληλαμένον
573 859 756 948 είςΠάρθοιις
768 869 925 947 κατήγαγε,
942 887 990 928 και
980 861 1222 928 Σελεύκειαν’
1195 869 1267 948 αυτῷ
1282 803 1331 946 τίγν
1348 864 1478 946 μεγάλην

250 1061 323 1148 εἷλε,
335 1027 550 1152 πρῶτοῖἑπιάάς
563 1077 609 1132 τοῦ
622 1070 731 1152 τείχους
743 1069 791 1132 καί
804 1051 977 1153 τρεψάμενος
989 1065 1023 1132 zu
1015 1001 1394 1155 ᾳχειρίιτοίάάςότεοιντιοτάτας
1408 1063 1474 1150 (⁶⁶).

250 1235 339 1302 Οοιτω
358 1236 389 1302 δὲ
358 1231 533 1323 δγεγονὼς
548 1240 596 1320 ἔτη
610 1238 757 1323 τριάκοντα
774 1235 837 1302 κατ’
855 1237 960 1303 ὲκεινον
974 1239 1021 1303 τὸν
1035 1242 1147 1324 χρόνον,
1167 1239 1315 1317 ευβουλίας
1332 1241 1379 1304 καί
1398 1245 1476 1304 σινέ-

250 1423 320 1474 σεως
352 1399 434 1476 δόξαν
460 1395 521 1483 εἶχε
546 1403 677 1484 μεγίστην
702 1425 709 1440 ·
735 1395 777 1476 οἷς
796 1399 848 1484 οὐχ
866 1402 967 1482 ἥκιστα
988 1401 1036 1465 καί
1058 1401 1105 1464 τὸν
1131 1399 1264 1486 Κράσσον
1291 1403 1407 1484 ἔσφηλε,
1433 1398 1478 1465 διά

249 1569 350 1704 ράρσος
375 1569 422 1634 καὶ
415 1573 571 1655 φρόνημα
599 1575 723 1655 πρῶτον,
750 1567 809 1634 εἶτα
835 1567 888 1634 ὑπὸ
912 1573 992 1646 δέους
1014 1571 1062 1634 καί
1087 1575 1247 1654 συμφορῶν,
1268 1578 1329 1646 ταῖς
1360 1563 1478 1646 ἀπάταις

264 1671 342 1718 ρασος
1078 1689 1081 1694 .

266 1761 426 1856 εὐχείρωτον
439 1768 487 1852 (67)

250 1835 325 1920 Ιευχει
327 1835 458 1920 ρώτατον
465 1861 500 1919 γ
487 1839 627 1917 ενάμενον.

266 1941 435 2015 [εὐχείρωτον]

293 2137 348 2203 53.
375 2137 556 2221 Βουλομένοο
575 2158 635 2225 pro
648 2141 851 2222 βουλευομένου
865 2134 956 2203 aliud
975 2156 1075 2224 agens
1089 2135 1206 2204 codicis
1221 2136 1252 2204 N
1270 2135 1378 2204 scriba
1394 2134 1475 2203 deli-

250 2243 373 2310 neavit.

293 2395 348 2460 54.
375 2395 479 2460 Istum
495 2391 656 2482 perfidum
675 2393 825 2461 Arabum
844 2393 958 2462 ducem
974 2392 1147 2479 A'ugarum
1162 2393 1325 2482 (Αάγαροι)
1344 2395 1476 2462 nomine

249 2502 372 2568 dictum
387 2501 488 2568 fuisse
503 2503 681 2569 auctorest
695 2503 754 2569 Dio
768 2501 912 2582 Cassius,
930 2501 989 2568 lib.
1011 2502 1081 2582 XL,
1100 2521 1171 2588 cap
1189 2502 1233 2569 20
1247 2521 1326 2586 sqq„
1336 2500 1476 2569 Credam

247 2608 398 2696 equidem
413 2611 471 2690 sic,
489 2611 548 2676 aut
566 2611 674 2697 potius
687 2609 756 2678 levi
771 2611 952 2676 mutatione
968 2608 1127 2697 Ἀγάαρον,
1144 2630 1201 2675 seu
1216 2608 1376 2697 Ἀκάοιρον,
1394 2630 1476 2676 eun-

248 2718 320 2784 dem
348 2739 367 2784 a
390 2717 571 2784 Plutarcho
599 2720 714 2785 nostro
743 2719 986 2805 nuncupatum,
1015 2717 1076 2783 etsi
1106 2718 1140 2782 in
1165 2716 1361 2803 vulgaribus
1385 2717 1476 2785 vitae

248 2825 358 2894 Crassi
381 2825 544 2893 codicibus
568 2826 651 2892 nihil
677 2847 816 2912 usquam
840 2825 908 2892 tale
933 2827 1113 2912 comparet,
1140 2825 1197 2892 sed
1221 2825 1332 2904 semel,
1358 2844 1474 2890 narra·
1569 2881 1571 2886 .

248 2933 348 3000 tionis
376 2932 487 3013 initio,
517 2955 636 3000 nomen
660 2933 749 3000 haud
773 2954 890 3020 parum
914 2933 1072 3000 dissimile
1105 2933 1260 3021 Ἀριάμνης
1284 2931 1470 3018 subjicitur.

247 3041 342 3116 Quot
334 3061 521 3127 roseumque
542 3043 682 3108 autem'
674 3063 708 3107 m
727 3042 864 3130 vulgata
879 3041 1028 3128 deinceps
1047 3041 1087 3107 de
1107 3041 1220 3106 eodem
1235 3041 1359 3127 agitur,
1376 3041 1474 3107 toties

247 3148 371 3234 legitur
389 3153 507 3238 ὁβάράα
490 3177 568 3238 αρος,
595 3169 679 3234 qnae
693 3170 760 3216 vox
781 3150 930 3236 proxime
945 3148 1077 3234 quidem
1091 3147 1133 3214 ad
1148 3155 1306 3216 nomena
1325 3145 1425 3234 ”6αΑγ
1408 3174 1475 3234 ρος

245 3255 381 3336 accedit,
394 3277 435 3322 ex
444 3277 508 3342 quo
518 3256 679 3341 quomodo
689 3258 733 3322 sut
743 3257 825 3324 dlnd
835 3259 944 3324 ortum
956 3254 1181 3336 manifestum,
1194 3277 1269 3323 cum
1280 3254 1369 3322 haud
1380 3253 1474 3321 facule

246 3363 470 3430 intellecturus
490 3367 534 3430 sis
561 3366 721 3450 quomodo
746 3387 786 3432 ex
815 3370 953 3454 βάράαρος
981 3363 1088 3432 altera
1107 3364 1189 3431 haec
1207 3365 1372 3450 scriptura
1395 3383 1474 3430 vere

245 3469 389 3537 barbara
406 3471 555 3560 Ἀγάορος
574 3475 663 3539 nasci
684 3475 842 3560 potuerit.
874 3475 919 3540 At
945 3493 1025 3540 vero
1048 3473 1224 3559 postquam
1246 3461 1368 3558 ubique
1388 3471 1472 3538 alias

245 3579 414 3664 proprium
438 3600 556 3647 nornen
582 3583 745 3664 αὐτομάτως
768 3583 858 3666 (
786 3582 825 3648 ut
846 3582 896 3648 ita
916 3581 1077 3664 dicam)
1070 3601 1104 3645 ιιι
1120 3580 1358 3666 appellativum
1375 3578 1470 3659 abiit,

245 3687 279 3751 in
294 3687 430 3772 antiquo
448 3686 558 3773 aliquo
577 3687 685 3755 codice
709 3689 829 3755 accidit
846 3691 886 3756 t
846 3708 1062 3776 prrncrpro
1081 3688 1201 3773 capitis
1218 3687 1310 3770 XXI,
1338 3690 1372 3754 in
1397 3708 1471 3755 ver-

244 3793 296 3861 bis
324 3802 468 3882 φύλαρχος
501 3794 590 3884 Ἀράά
556 3802 630 3862 udor
662 3796 761 3883 Ἀγάο
744 3825 810 3885 ρος
840 3802 939 3881 άνομα,
971 3816 1088 3862 nomen
1121 3795 1211 3863 ducis
1243 3795 1314 3862 sive
1339 3795 1471 3862 madore

245 3901 463 3968 evanidum
437 3922 508 3970 slve
527 3905 636 3970 nescio
651 3924 716 3988 quo
729 3925 807 3971 casu
819 3903 890 3992 jam
904 3903 971 3991 legi
990 3924 1057 3970 non
1071 3904 1204 3991 posset:
1221 3904 1373 3988 quocirca
1385 3903 1470 3969 idem

244 4009 341 4075 homo
363 4009 421 4095 qui
445 4011 551 4076 multa
573 4011 640 4077 alia
661 4013 695 4077 in
717 4012 890 4080 Plutarchi
912 4012 1069 4078 contextu
1093 4032 1134 4077 ex
1157 4010 1292 4077 libidine
1309 4009 1468 4090 mutavit,

183 4122 187 4130 ’
244 4116 297 4183 hic
317 4137 445 4202 quoque
465 4118 507 4185 ad
531 4117 724 4206 explendam
742 4120 893 4186 lacunam
913 4119 1118 4205 excogitavit
1136 4139 1262 4197 uocem,
1280 4119 1318 4184 ut
1335 4118 1365 4183 ei
1384 4116 1472 4184 vide-

244 4223 355 4306 batur,
376 4225 507 4292 arabice
526 4228 697 4293 sonantem
722 4227 888 4316 Ἀριάμνης,
907 4227 940 4293 id
954 4226 1040 4314 quod
1055 4246 1134 4292 sane
1152 4227 1182 4292 ei
1200 4245 1318 4312 parum
1334 4223 1472 4291 feliciter

244 4335 410 4416 successit,
427 4355 527 4421 quum
544 4334 588 4400 sit
607 4334 762 4424 Ἀριάμνης
776 4336 981 4423 gentilicium
995 4331 1244 4402 Armeniacum¹
1256 4332 1315 4418 (de
1329 4352 1392 4417 quo
1402 4331 1468 4414 adi,

244 4439 271 4504 si
284 4439 401 4525 placet,
415 4442 555 4508 lexioum
566 4447 735 4510 nominum
746 4445 953 4532 propriorum
964 4464 1157 4530 graecorum
1171 4440 1469 4538 Benseleriannm)7

277 4700 300 4750 l.
318 4699 379 4750 Non
396 4714 438 4749 me
452 4700 521 4764 sugit
538 4700 609 4766 apud
626 4700 737 4750 Galatas
754 4700 886 4765 quendam
905 4699 1055 4765 prinoipem
1068 4699 1161 4749 eodem
1173 4698 1280 4749 nomine
1297 4698 1362 4748 olim
1373 4713 1472 4748 nuncu·

245 4777 338 4837 patum
353 4785 417 4833 esse,
435 4771 574 4822 Athenaeo
590 4777 666 4834 teste,
683 4771 759 4836 cujus
776 4773 842 4823 haec
861 4777 921 4822 sunt
932 4772 1014 4822 verba
1034 4771 1084 4821 lib.
1102 4771 1138 4824 IV
1153 4785 1176 4820 ο.
1188 4769 1219 4818 34
1233 4785 1260 4834 p.
1275 4770 1320 4820 150
1336 4783 1353 4818 n
1367 4784 1374 4820 ι
1388 4769 1431 4822 Ἐν
1445 4771 1471 4821 δὲ
