3568 5472
530 451 573 498 nn
597 447 787 499 rnuruncrn
811 448 929 497 ccnrcn
951 423 1173 497 martinensi.
1420 429 1465 496 25

238 579 536 666 Stephanianorum
561 574 911 662 Pseudo-Appianiqne
936 593 1114 640 consensus
1140 575 1274 660 egregie
1300 570 1464 642 tutatur:

239 687 281 757 cf.
298 685 460 770 ceteroqui
479 685 625 768 Pyrrhi
643 682 705 750 vit.
727 702 797 769 cap.
815 681 906 766 XXI,
928 682 951 747 l.
973 681 1017 747 39
1042 701 1049 746 :
1077 681 1116 747 Ol
1139 683 1170 747 δὲ
1193 679 1330 766 Ῥωμαῖοι
1347 735 1354 748 .
1369 731 1377 746 .
1391 730 1398 747 .
1413 729 1420 748 .
1436 683 1466 762 ἐξ

240 800 368 864 ἐπιπέδου
388 799 563 879 συνεφέροντο
581 791 653 857 κατὰ
675 797 774 872 στόμα.
792 790 894 856 Parvi
913 789 1020 876 igitur
1037 787 1123 854 facio
1144 788 1340 874 scripturam
1359 787 1467 856 Sinte-

240 903 399 970 nisianam
413 907 623 988 προσφέρεσθαι.
934 919 938 926 ·

284 1046 341 1112 58.
368 1043 429 1109 Est
449 1042 495 1108 ibi
510 1034 622 1126 aliqua
646 1039 866 1125 discrepantia
885 1038 972 1105 inter
989 1038 1277 1126 Pseudo-Appiani
1292 1038 1418 1106 codices
1432 1040 1466 1104 in

240 1153 372 1219 nomine
387 1151 478 1217 ducis
492 1147 642 1215 Arabum
662 1145 888 1227 describendo,
904 1147 1039 1234 Αώγαρρς
1055 1145 1111 1229 (cf.
1128 1147 1292 1230 Dionem),
1305 1145 1463 1235 Ἃνηαρος,

183 1333 191 1340 ,
240 1261 305 1341 uel,
317 1257 543 1348 quodquidam
557 1257 691 1343 propius
704 1255 744 1323 ad
756 1254 875 1321 codicis
888 1254 919 1322 N
931 1255 1131 1341 scripturam
1142 1253 1318 1343 (Ἃηώαρος)
1329 1253 1463 1333 accedit,

240 1367 398 1455 Ἃκώαρνς.
530 1375 532 1378 ’

281 1501 338 1568 59.
364 1499 440 1566 Sine
456 1499 556 1565 dubio
575 1498 754 1566 veritatem
771 1499 942 1580 assecntus
964 1497 1015 1585 est
1034 1496 1173 1564 lacobus
1192 1497 1330 1578 Reiske‚
1351 1497 1466 1563 contra

237 1607 377 1689 codices,
399 1614 498 1692 δεῆσον
520 1606 678 1672 scribens.
699 1605 811 1690 Neque
826 1606 937 1670 minus
956 1604 1097 1672 feliciter
1111 1603 1210 1691 paulo
1224 1601 1362 1672 inferius
1378 1601 1465 1670 idem

237 1714 376 1803 conjecit
389 1717 534 1797 μέλλοντά
548 1713 589 1798 π’,
607 1719 658 1800 ἔφη
672 1715 747 1800 (pro
762 1719 933 1797 μέλλοντας,
953 1714 1029 1800 ἔφη).

282 1858 336 1925 60.
363 1859 512 1939 Σελεύκης
534 1857 568 1921 in
591 1877 658 1923 uno
679 1855 969 1942 Pseudo-Appiani
987 1855 1096 1921 codice
1114 1854 1312 1942 Augusteno
1326 1851 1461 1941 legitur,

237 1965 356 2030 ceteris
374 1983 450 2031 cum
467 1964 640 2030 Plutarchi
657 1963 794 2050 vulgata
811 1963 1105 2030 consentientibus,

281 2099 335 2164 61.
367 2097 498 2193 Ὀρώδης
515 2105 590 2164 ext
615 2097 744 2186 Ὑρώδης
762 2098 893 2164 facilius
915 2098 1009 2184 gigni
1031 2097 1140 2185 potuit
1154 2117 1254 2182 quam
1273 2117 1315 2163 ex
1336 2096 1464 2185 Ὑρώδης

236 2205 305 2270 sine
322 2204 474 2286 articulo,
495 2225 559 2290 quo
583 2207 766 2292 scripturae
787 2207 993 2276 Matritensis
1014 2207 1115 2271 etiam
1141 2207 1175 2270 in
1198 2203 1342 2271 minimis
1364 2203 1463 2270 rebus
1578 2299 1580 2306 ρ

236 2311 394 2398 probatur
425 2311 518 2378 fides.
548 2313 702 2380 Ceterum
726 2313 853 2379 dnobus
880 2313 1048 2380 vocabulis
1077 2312 1239 2379 distinctis
1269 2319 1283 2379 ὁ
1312 2313 1404 2401 ρώδης
1428 2313 1463 2377 in

235 2419 432 2506 Augustano
454 2421 595 2487 exscribi
627 2421 797 2487 notatione
827 2420 963 2508 dignum
997 2420 1059 2486 ests
1090 2420 1183 2514 Quod
1216 2441 1295 2487 vero
1324 2420 1463 2486 inferius

235 2547 369 2593 rursum
399 2527 528 2612 Ὀρώδην
550 2531 759 2596 accusativus
787 2530 821 2594 in
845 2529 953 2594 locum
976 2528 1122 2617 ejusdem
1146 2529 1236 2595 vocis
1261 2527 1389 2617 Ὑρώδην
1413 2526 1463 2592 bis

235 2633 402 2718 successit,
422 2634 643 2721 similiterque
663 2635 802 2726 ‘deth
817 2637 894 2715 eto,
910 2635 972 2702 hoc
988 2637 1098 2722 priore
1113 2636 1197 2703 vitio
1223 2637 1257 2701 in
1271 2634 1461 2702 contextum
1564 2681 1569 2690 ·

235 2742 382 2828 ingresso
397 2741 444 2807 nil
464 2743 585 2820 mirum
603 2763 610 2809 :
628 2745 823 2811 correctoris
842 2743 1012 2830 cujusdam
1032 2743 1144 2809 manui
1163 2743 1339 2810 debentur.

278 2894 333 2960 62.
359 2895 440 2962 Cum
462 2895 599 2983 vulgate
627 2899 709 2964 circu
739 2916 837 2962 sensu
857 2895 997 2978 careret,
1026 2895 1097 2983 jam
1126 2895 1295 2981 receperat
1315 2892 1461 2962 Carolus

234 3000 380 3068 Sintenis
394 3002 738 3090 Pseudo-Appianeam
757 3004 931 3071 lectionem
950 3019 998 3072 rou
1018 3006 1100 3070 circu
1120 3024 1127 3068 :
1150 3004 1250 3070 immo
1269 3021 1357 3068 nuno
1374 3001 1462 3068 lucet

233 3108 293 3174 sub
303 3110 384 3175 vitio
396 3110 581 3196 scripturae
596 3110 713 3197 aperto
727 3125 812 3178 ruera
827 3112 861 3177 in
874 3110 981 3178 codice
994 3111 1023 3178 N
1038 3130 1118 3177 vera
1132 3110 1228 3176 lectio
1239 3112 1350 3191 ταύτοῦ,
1362 3127 1459 3193 qnae,

233 3235 299 3280 una
316 3215 493 3302 eademqne
511 3217 563 3282 ter
581 3216 733 3283 dissimili
752 3218 881 3284 ratione
895 3216 1066 3303 paululum
1084 3214 1224 3298 deflexa,
1246 3215 1280 3299 in
1299 3214 1368 3282 tres
1387 3214 1461 3281 illas

233 3321 456 3410 discrepantes
476 3323 628 3392 lectiones
646 3325 802 3412 perfacile
823 3325 906 3392 abiit
924 3327 1018 3407 αὑτοῦ,
1039 3341 1136 3409 ταῦτα,
1156 3339 1204 3392 τοῦ
1223 3328 1317 3393 αὑτοῦ.

276 3466 332 3534 63.
358 3467 430 3546 Ταῖς
456 3467 564 3551 κώμαις
593 3469 681 3536 inter
703 3469 989 3557 PseudoAppiani
1012 3469 1138 3536 codices
1165 3467 1235 3535 solo
1261 3466 1460 3555 Augustano

232 3574 397 3657 servatur,
423 3595 497 3641 cum
522 3576 622 3642 ceteri
643 3598 755 3644 omnes
782 3579 892 3644 minus
916 3578 1000 3644 bene
1021 3578 1071 3656 τὰς
1089 3578 1188 3660 κώμας
1206 3575 1327 3644 ferant.
1347 3573 1459 3662 Neque

231 3679 322 3746 alind
337 3681 371 3746 in
387 3682 574 3749 Matritensi
595 3683 694 3770 atque
709 3685 744 3750 in
759 3673 958 3773 Augustano
973 3685 1105 3751 exstare
1123 3683 1267 3752 videtur.

276 3823 331 3890 64.
357 3825 416 3892 Mai
439 3825 518 3892 ante
535 3832 613 3894 δοκεῖ
632 3827 811 3914 genuinum
826 3847 897 3894 esse
917 3827 1041 3895 evincit
1054 3827 1145 3895 istud
1165 3825 1459 3912 peradulteratum

144 4019 148 4029 ι
232 3929 318 4016 quod
344 3931 457 3998 eodem
480 3932 551 4000 loco
573 3935 709 4022 apparet
738 3935 771 4000 in
796 3933 963 4003 oodioeN.
984 3935 1152 4003 -Paulo
1175 3935 1261 4022 post,
1286 3934 1355 4002 καθ’
1376 3938 1458 4002 αὑτὸν

230 4036 355 4105 codices
365 4039 602 4109 Sintenisianos
612 4041 700 4109 haud
713 4042 859 4109 aliterue
873 4043 1101 4110 Matritensem
1111 4040 1459 4129 Pseudo-Appianeos·

231 4165 293 4230 qne
307 4147 463 4236 praebere
478 4170 544 4219 non
560 4153 611 4218 est
630 4151 763 4218 silentio
784 4151 1071 4238 praetereundum.

259 4290 330 4356 65.
355 4291 470 4357 Malim
489 4296 571 4373 αὒτὸς
592 4314 666 4360 cum
685 4294 979 4382 Pseudo-Appiano
999 4295 1140 4364 scribere
1162 4315 1170 4361 ε
1197 4316 1247 4379 ao,
1268 4315 1458 4382 quanquam

229 4396 357 4464 nihile
385 4398 589 4496 Matritensi‚
617 4423 691 4469 cum
720 4401 942 4469 Sintenisiana
970 4402 1111 4470 editione
1140 4404 1277 4486 collato,
1310 4402 1454 4484 enotavi,

231 4524 297 4570 non
320 4505 403 4571 mihi
425 4507 614 4576 mirandum
637 4508 792 4576 rideatur
815 4512 843 4577 si
866 4511 941 4596 quis
964 4511 1050 4577 alius
1070 4507 1230 4580 oculatior
1248 4512 1334 4579 hanc
1352 4500 1459 4598 ipsam

231 4601 400 4679 meliorem
419 4615 619 4703 scripturam
638 4637 678 4683 ex
698 4617 830 4706 egregio
848 4615 957 4685 codice
972 4619 1079 4685 eruat.

262 4719 329 4785 66.
360 4721 497 4808 Legitur
520 4721 698 4803 ἀντιστάντας
716 4725 803 4811 apud
822 4724 1150 4809 OarolnmSintenis,
1172 4727 1272 4814 atque
1292 4729 1331 4802 in
1350 4728 1463 4794 omni--
