3568 5472
424 481 428 491 ·
513 466 557 514 nu
581 465 770 515 rnuriscm
796 464 911 514 comen
934 465 1156 516 usrmrmvsr.
1379 450 1383 456 '
1405 455 1444 519 31

223 583 313 648 vitae
335 582 446 649 Crassi
464 581 568 669 partis
586 583 851 651 constituendum
873 603 881 648 :
903 582 1038 659 Quoties
1052 582 1365 670 PseudoAppianus
1380 587 1450 653 sive
1529 654 1533 662 ,

222 687 344 756 cumN
365 687 463 774 (vid,
481 709 534 757 ex.
557 711 622 776 gr,
645 710 737 757 num.
759 691 816 771 54,
833 690 890 769 55,
913 690 969 770 63,
986 691 1046 766 67,
1069 691 1124 771 68,
1141 693 1197 772 70,
1213 692 1269 776 72,
1291 693 1347 775 73,
1369 695 1450 778 etc.)

223 796 291 862 sive
305 816 378 864 cum
390 796 528 884 vulgata
536 798 603 882 (ex.
620 819 670 884 gr.
685 819 775 864 num.
792 798 849 877 53,
866 796 944 878 etc,
962 797 1042 881 etc.)
1052 799 1218 879 convenit,
1230 800 1329 865 toties
1339 799 1450 866 arche·

223 903 325 989 typib
339 903 511 969 lectionem
525 923 584 982 nos
595 905 706 970 tenere
720 904 773 970 sat
786 905 908 972 scimus
924 904 1104 991 (scriptura
1119 906 1275 972 mendosa
1289 927 1309 972 a
1323 907 1449 974 scribae

222 1029 323 1075 manu
342 1009 473 1077 sciolive
487 1012 695 1096 sententiam,
713 1012 752 1078 ut
766 1016 796 1078 ei
813 1011 944 1096 quidem
959 1011 1147 1095 videbatur,
1166 1015 1361 1100 corrigentis
1377 1017 1448 1084 sive

222 1126 309 1192 inter
327 1125 359 1192 c'
379 1128 413 1194 et
430 1127 456 1193 d
473 1128 545 1220 'sige
564 1128 652 1194 inter
673 1126 706 1193 c'
719 1129 753 1194 et
770 1128 801 1195 N
820 1127 992 1215 profecta).
1137 1213 1139 1218 ,

265 1234 347 1301 Cum
362 1255 443 1301 vero
461 1235 491 1303 N
508 1255 582 1302 oum
605 1235 743 1321 vulgata
766 1234 926 1302 consonat
948 1235 1100 1321 solusque
1117 1235 1281 1323 discrepat
1305 1240 1449 1306 Pseudo-

180 1403 186 1420 ,
221 1340 403 1430 Appianus,
428 1343 551 1430 judicio
579 1363 660 1429 opus
683 1344 735 1409 est
757 1344 795 1408 ut
818 1342 956 1430 probam
977 1364 998 1409 a
1024 1343 1112 1408 mala
1135 1343 1309 1410 lectionem
1335 1346 1450 1434 digno-

221 1469 363 1532 scamus,
381 1449 487 1535 potuit
503 1451 590 1515 enim
601 1451 683 1516 vitio
694 1450 808 1516 textus
824 1447 913 1516 infici
930 1469 1004 1515 oum
1016 1449 1210 1537 interbetp
1223 1451 1279 1536 (cf.
1295 1452 1447 1521 lacunam

220 1575 374 1642 magnam
388 1557 482 1624 initio
494 1557 612 1643 capitis
626 1557 734 1639 XXII,
752 1561 782 1624 δὲ
797 1558 955 1623 omissum
966 1557 1085 1642 quarto
1095 1577 1193 1625 versu
1206 1579 1226 1624 a
1240 1561 1355 1646 capitis
1368 1562 1447 1627 XXI

219 1663 393 1750 principio,
419 1664 512 1749 etc),
535 1663 608 1728 tum
626 1664 714 1729 inter
732 1663 798 1729 bet
821 1661 854 1742 c]
873 1662 930 1747 (cf.
955 1682 1047 1729 num.
1073 1663 1128 1740 56,
1151 1664 1207 1745 65,
1230 1671 1332 1746 ἄλλως
1350 1667 1448 1754 paulo

222 1770 297 1856 post
314 1791 406 1836 num.
428 1772 483 1853 64,
505 1770 598 1854 etc).
1333 1851 1343 1868 .

264 1875 316 1942 Ad
335 1897 510 1959 summam,
527 1878 556 1942 si
570 1859 707 1958 codices,
724 1897 781 1963 per
799 1897 881 1963 quos
899 1877 1118 1943 Plutarcheus
1138 1877 1253 1944 textus
1272 1878 1348 1943 inde
1368 1878 1409 1945 ab
1424 1900 1447 1946 a

124 2055 127 2062 ,
218 2004 322 2068 usque
347 1982 389 2049 ad
407 1985 431 2050 d
449 1983 594 2051 traditus
617 1985 776 2063 osteum
800 1983 934 2052 catenae
955 1983 1125 2070 cujusdam
1152 1984 1285 2050 annulis
1305 1985 1447 2052 conferri

218 2090 365 2176 possunt,
382 2091 588 2158 Matritensis
607 2091 718 2157 noster
737 2090 791 2156 ille
809 2090 935 2156 liherN
955 2089 995 2154 de
1009 2088 1132 2155 annulo
1146 2090 1264 2176 pendet
1279 2092 1341 2158 sito
1361 2093 1447 2158 inter

133 2205 149 2234 ·
217 2217 292 2263 eum
307 2197 354 2284 (b)
369 2195 409 2263 de
423 2217 488 2282 quo
502 2197 826 2284 Pseudo-Appianus,
845 2197 867 2262 i.
885 2217 914 2264 e.
928 2197 1073 2283 optimus
1089 2196 1176 2263 iuter
1190 2197 1303 2278 testes,
1320 2201 1355 2266 et
1368 2198 1448 2265 ulti-

217 2323 307 2369 mum
319 2305 383 2390 (d),
398 2304 436 2370 de
446 2325 510 2389 quo
524 2306 741 2390 pessimorum
750 2305 822 2370 tota
837 2303 973 2370 familia.
991 2302 1054 2370 Sed
1066 2303 1325 2372 eidemNmulto
1340 2309 1447 2395 major

219 2409 270 2475 est
277 2411 486 2478 necessitudo
498 2431 574 2477 cum
587 2410 880 2498 Pseudo-Appiano
889 2431 987 2495 quam
1000 2431 1075 2476 cum
1087 2411 1234 2498 vulgata.
1251 2412 1344 2489 Quod
1353 2433 1448 2498 prae·

218 2505 332 2584 seitim
355 2519 429 2584 inde
445 2519 593 2602 sequitur
614 2517 700 2603 quod
717 2519 805 2584 inter
824 2516 857 2583 c'
872 2517 944 2584 etd
960 2518 1101 2583 annulus
1123 2518 1256 2602 quidam
1272 2519 1446 2608 interjacet

217 2647 251 2703 r,
270 2625 338 2711 qui,
351 2624 456 2692 fracta
474 2623 553 2692 olim
571 2625 699 2706 catena,
715 2623 804 2690 haud
823 2645 957 2711 prorsus
973 2625 1100 2705 inscite,
1118 2645 1163 2701 ex
1178 2625 1315 2692 libidine
1335 2627 1445 2692 lamen

216 2751 322 2816 neque
341 2733 427 2799 sicut
449 2734 606 2820 oportuit,
631 2753 651 2798 a
672 2731 767 2800 fabro
786 2733 895 2799 nescio
920 2752 986 2817 quo
1011 2731 1151 2798 officioso
1177 2736 1356 2801 renovatus
1380 2736 1442 2801 est.

212 2838 324 2906 Codex
352 2841 489 2925 quisque
517 2841 622 2927 igitur
644 2840 688 2907 ab
709 2861 731 2906 r
759 2839 929 2908 derivatus
954 2840 1145 2906 contextum
1171 2839 1285 2907 lectori
1311 2841 1445 2928 praebet

215 2966 349 3028 manum
368 2946 465 3012 istius
489 2948 683 3014 correctoris
702 2947 887 3033 expertum,
912 2947 958 3013 ita
979 2947 1019 3012 ut
1039 2948 1179 3034 exempli
1198 2950 1317 3034 gratia,
1336 2949 1441 3015 locum

217 3055 357 3120 nominis
372 3052 521 3143 Ἃκὸαρος
535 3055 589 3121 vel
600 3053 749 3143 ’Άγὸαρος
764 3053 899 3143 genuini
913 3055 1071 3120 invaserit
1087 3053 1254 3143 Ἀριάμνης,
1271 3076 1334 3142 quo
1346 3057 1444 3143 scrip·

216 3158 312 3226 turae
331 3159 570 3248 discrepantiae
588 3163 764 3250 specimine
787 3162 891 3230 elucet
910 3161 990 3247 quid
1018 3162 1104 3228 inter
1124 3162 1243 3229 codicis
1264 3183 1286 3228 r
1304 3164 1443 3251 majores
1471 3173 1473 3178 ’

215 3288 252 3353 ac
270 3270 416 3355 posteros
435 3271 580 3337 intersit.
682 3339 687 3343 .
834 3355 836 3359 ¹

163 3366 172 3380 '
221 3383 224 3390 ’
257 3376 352 3443 Nunc
370 3377 477 3444 autem
500 3378 585 3464 quod
607 3377 648 3443 ad
672 3378 874 3444 narrationis
894 3376 1112 3445 Plutarcheae
1135 3378 1262 3465 partem
1281 3379 1404 3446 attinet
1423 3401 1443 3446 a

213 3483 511 3571 Pseudo-Appiano
530 3487 710 3566 servatam,
733 3485 803 3572 jam
827 3485 898 3552 dixi
922 3484 1101 3570 quantulae
1116 3488 1160 3552 sit
1179 3507 1310 3572 operae,
1332 3486 1442 3554 tribus

214 3590 353 3658 testibus
364 3590 530 3674 adhibitis,
548 3613 661 3660 veram
676 3593 846 3679 scriptoris
862 3592 1020 3680 indagar'e
1031 3592 1221 3661 lectionem.
1232 3594 1443 3680 Pseudo-Ap·

213 3701 310 3783 piano
325 3719 403 3764 vero
418 3697 599 3780 deficiente,
616 3700 656 3765 ut
671 3701 702 3764 in
719 3700 855 3786 reliquis
868 3699 993 3766 Crassi
1005 3700 1094 3767 vitae
1109 3700 1283 3786 capitibus,
1300 3700 1442 3786 totisque

213 3806 292 3872 vitis
311 3794 476 3892 parallelis
496 3809 749 3874 Demosthenis
778 3806 812 3872 et
839 3806 1030 3889 Ciceronis,
1056 3808 1255 3876 Alcibiadis
1277 3807 1404 3875 Coriol
1428 3847 1441 3856 -

213 3915 331 3998 nique,
351 3914 522 4001 Apesilai
538 3916 778 4000 Pompciique,
796 3914 916 3981 editori
931 3913 1081 4001 diligenti
1100 3915 1242 3997 multum
1257 3915 1441 3982 cavendum

213 4019 289 4084 erit.

257 4118 295 4183 In
310 4118 366 4185 via
386 4119 544 4185 nimirum
564 4121 651 4187 inter
666 4119 699 4186 θ’
717 4119 751 4186 et
768 4120 798 4186 N
823 4118 979 4205 superata
998 4120 1104 4186 multa
1124 4138 1308 4205 magnaque
1326 4119 1442 4206 depra-

213 4226 304 4291 vatio
327 4246 385 4312 per
403 4226 578 4293 Plutarchi
596 4227 699 4294 verba
723 4228 874 4313 grassata
893 4225 955 4305 est,
978 4246 1060 4311 quae
1076 4227 1187 4291 tamen
1207 4245 1267 4312 ope
1285 4225 1440 4313 vulgatae

212 4329 307 4397 facile
326 4332 519 4418 plerumque
536 4335 657 4420 corrigi
675 4334 787 4419 possit.
814 4334 901 4402 Nam
924 4323 1056 4398 ta'ntum
1076 4331 1239 4420 ejusmodi
1258 4334 1292 4398 in
1311 4333 1341 4400 N
1357 4334 1441 4399 vitia
1461 4325 1463 4330 ’

212 4439 347 4504 exstant
374 4426 461 4523 quae
484 4459 504 4505 a
531 4440 715 4507 scribarum
749 4439 955 4525 indiligentia
990 4439 1136 4526 profecta
1171 4439 1320 4506 ducenda
1357 4441 1436 4520 sint,

212 4549 329 4632 quippe
344 4566 425 4631 quos
440 4544 555 4614 nihile
574 4549 740 4634 proposito
758 4548 895 4615 consilio
911 4567 1015 4632 neque
1030 4569 1088 4613 suo
1104 4547 1243 4614 arbitrio
1262 4549 1296 4613 in
1317 4547 1438 4613 descri-

212 4651 320 4744 bendo
337 4655 516 4741 exemplari
534 4656 593 4721 aut
611 4655 775 4722 addidisse
789 4655 849 4722 aut
863 4653 1011 4721 mutasse
1025 4656 1150 4742 pateat.

256 4761 284 4826 E
301 4758 371 4827 tam
386 4761 535 4828 dissimili
548 4762 737 4831 conditione
753 4763 869 4830 ¹tentus
882 4763 917 4830 in
931 4761 961 4830 N
975 4757 1072 4849 atque
1086 4756 1334 4848 in'vulg'aribus
1349 4759 1439 4834 codi-
