3568 5472
809 708 854 757 nu

230 947 908 1114 0000100000
1005 867 1518 1116 eonion

467 1315 613 1389 MANU
647 1317 847 1421 SCRIPTO
880 1318 1183 1392 MATRITENSI

746 1558 913 1616 lNlURlA

624 1775 1040 1856 NEGLECTO
1073 1826 1078 1836 -

758 2059 886 2082 -ΜΝ-

260 2429 445 2514 Superioris
469 2429 549 2493 anni
577 2447 688 2494 mense
718 2428 806 2494 Julio
829 2427 958 2494 Matriti
992 2426 1139 2514 degenti,
1166 2427 1200 2516 et
1227 2427 1444 2495 bibliothecae

215 2534 292 2600 olim
320 2535 430 2621 regiae
454 2555 541 2600 nunc
568 2531 737 2620 publicae¹
763 2535 966 2620 exemplaria
997 2554 1116 2620 graeca
1145 2535 1312 2615 versanti,
1343 2535 1443 2600 codex

215 2641 345 2727 quidam
368 2625 540 2706 Plutarchi
563 2661 663 2706 manu
687 2643 831 2727 scriptus
859 2642 941 2706 mihi
965 2661 1033 2707 sese
1051 2642 1186 2722 obtulit,
1215 2662 1281 2706 non
1304 2660 1443 2726 magnae
1487 2681 1494 2697 ι

194 2771 196 2776 ’
214 2747 344 2833 quidem
364 2747 583 2832 antiquitatis,
606 2747 728 2834 dignus
746 2749 870 2841 tamen,
892 2748 931 2813 ui
955 2749 1061 2834 primo
1079 2748 1252 2814 videbatur
1271 2748 1441 2833 adspectu,

202 2854 272 2939 qui
291 2874 365 2920 cum
381 2854 524 2920 editione
543 2855 634 2940 typis
653 2875 807 2940 expressa
825 2853 1041 2928 conferretur.
1070 2854 1337 2920 Stichom'etricae
1356 2852 1441 2920 enim

215 2961 465 3046 computationis
489 2961 632 3048 uestigia
659 2961 787 3028 duobus
809 2947 887 3028 locis
913 2962 1013 3048 hujus
1039 2956 1158 3045 codicis
1181 2981 1348 3047 superesse
1370 2965 1442 3026 ani-

215 3061 479 3135 madverteram²
498 3087 504 3134 :
523 3089 606 3154 quae
620 3068 751 3154 quidem
765 3088 928 3153 nusquam
947 3069 1012 3134 nisi
1030 3069 1065 3133 in
1083 3069 1228 3154 optimae
1243 3069 1340 3133 notae
1358 3067 1445 3133 libro

215 3197 280 3242 uno
297 3175 443 3242 alterove
456 3195 612 3262 apparere
626 3197 720 3242 nemo
737 3173 872 3244 nescit³.
980 3162 997 3171 i

260 3282 392 3367 Prolixe
415 3282 500 3368 apud
524 3283 684 3349 Joannem
709 3279 850 3349 lriarte⁴
878 3283 940 3349 hoc
964 3282 1119 3349 uolumen
1148 3280 1359 3363 describitur,
1384 3301 1444 3347 nec

215 3389 326 3456 tamen
341 3389 421 3456 satis
436 3389 567 3456 diserte.
589 3389 681 3464 Quod
697 3388 850 3456 benevoli
864 3388 998 3454 lectoris
1013 3389 1095 3455 scire
1112 3386 1228 3469 refert,
1245 3388 1363 3455 dicam.
1381 3389 1443 3453 As·

120 3577 123 3584 ,
216 3497 368 3563 servatur
383 3493 416 3562 in
430 3496 611 3563 armaricN
622 3496 837 3562 bibliothecae
852 3516 953 3581 supra
966 3496 1083 3578 dictae,
1096 3515 1271 3562 numerum
1281 3495 1325 3561 55
1334 3494 1443 3560 fronte

217 3603 322 3690 gerit,
343 3604 393 3670 est
414 3602 641 3689 bombycinus,
663 3601 786 3669 formae
805 3624 903 3689 quam
927 3603 1042 3668 dicunt
1073 3603 1107 3668 in
1125 3587 1263 3688 quarto,
1289 3601 1444 3668 foliorum

219 3729 359 3792 cccxcu,
377 3733 396 3776 ιι
411 3707 492 3777 facie
510 3711 702 3796 (secundum
722 3710 856 3796 1010010)
876 3732 943 3777 non
963 3731 1080 3798 papum
1095 3710 1199 3792 fusca,
1218 3731 1236 3774 0
1253 3708 1444 3794 duobusque

224 3888 272 3896 -—-
606 3889 676 3896 ..α-
902 3889 1008 3897 -ι-
1275 3886 1441 3896 -u———n-

247 3985 270 4036 1.
288 3985 401 4050 Madrid,
414 3986 569 4036 Biblioteaa
581 3986 727 4038 nacional.

246 4056 271 4106 2.
288 4058 318 4106 ln
333 4057 386 4108 dns
398 4057 468 4107 vitae
480 4056 584 4120 Niciae,
597 4057 664 4108 folio
677 4057 770 4121 quinto
783 4071 875 4108 averso
890 4057 955 4121 imo,
969 4055 1068 4122 legitur
1080 4057 1146 4107 haec
1158 4054 1338 4121 subscriptio:

508 4167 593 4224 Νικίας
612 4181 617 4215 :
635 4186 667 4207 =
683 4167 762 4232 στίχοι
779 4151 899 4232 σϋνάμφὼ
918 4205 924 4228 ,
944 4149 975 4232 ,ξ
990 4147 1038 4223 tn
1056 4180 1062 4214 :
1080 4164 1113 4230 -Ι-

215 4271 244 4322 id
261 4278 301 4321 est
317 4271 419 4322 Niciae
437 4273 590 4334 Crassique
608 4274 741 4322 Vitarum
760 4273 976 4322 Parattetarum
992 4271 1065 4321 liber
1085 4271 1212 4322 continet
1233 4283 1335 4322 sersus
1351 4269 1444 4321 6068.

214 4342 321 4392 Rursus
338 4343 430 4393 eadem
449 4342 504 4403 (iol.
522 4343 554 4392 33
570 4347 652 4405 recto)
671 4343 744 4408 picta
755 4347 817 4392 sunt
833 4348 893 4407 post
911 4341 1004 4392 Niciae
1021 4356 1081 4391 cum
1096 4341 1191 4392 Crasso
1209 4340 1444 4406 comparationem,

215 4413 268 4462 nisi
282 4414 353 4478 quod
365 4419 427 4464 tuno
440 4413 557 4480 Κράσσος
569 4414 658 4464 locum
673 4414 744 4465 vocis
756 4415 842 4472 Νικίας
856 4413 967 4464 obtinet.

245 4484 269 4536 3.
288 4485 326 4536 De
344 4485 527 4536 stichometria
536 4491 663 4552 veterum,
678 4487 711 4536 ci.
726 4487 754 4536 in
767 4489 863 4536 Recue
879 4489 912 4537 de
923 4488 1089 4550 philolopie,
1103 4490 1138 4537 de.
1150 4487 1314 4536 litterature
1326 4491 1352 4535 et
1363 4484 1446 4534 d'his·

217 4557 288 4606 loire
302 4548 469 4620 ancienaes',
481 4565 500 4607 t.
515 4557 536 4606 ll
551 4558 640 4620 (1878),
655 4573 680 4622 p.
693 4557 724 4606 97
739 4573 806 4622 sqq,
821 4572 893 4605 meas
906 4557 1055 4608 Naucelles
1064 4559 1229 4607 recherches
1241 4570 1293 4606 sur
1306 4558 1334 4605 la
1346 4556 1445 4604 sticho·

217 4629 327 4678 0001010.

245 4700 270 4748 4.
287 4699 396 4762 Reqiae
407 4700 586 4751 bibliothecae
594 4701 777 4752 Matritensis
788 4703 897 4752 codices
905 4700 1005 4763 praeci
1016 4712 1080 4750 mss.
1089 4699 1205 4749 loannes
1215 4697 1319 4761 lriarte,
1328 4695 1445 4762 ejusdem

215 4775 314 4834 custos,
326 4775 387 4833 etc,
400 4770 525 4833 excussit,
540 4770 680 4834 recensuit,
695 4778 744 4822 etc.
759 4770 963 4832 (Matritl1769),
978 4787 1004 4836 p.
1017 4769 1063 4822 182
1076 4783 1135 4834 sqq.
1207 4787 1210 4793 ·

1268 4937 1270 4940 ,
1308 4849 1323 4925 ι’
