3568 5472
510 442 554 491 un
578 442 768 490 ruurnacrn
793 442 912 490 comen
936 442 1153 504 normanna.
1403 433 1446 500 37

217 572 353 649 λαθόντα,
370 574 424 633 τῶν
443 567 474 633 δέ
492 572 589 633 λαθεῖν
604 569 728 647 ἐξουσίαν
743 575 856 636 δόντων.
876 567 982 652 «Φησὶ
996 567 1035 634 de
1050 589 1132 652 meo,
1155 571 1274 656 inquit,
1297 573 1370 641 dedi
1388 597 1447 663 pro

190 732 198 743 .
220 673 351 760 vulgari
368 680 442 760 ηασῐ.
463 675 718 742 Demosthenes
737 679 813 760 epse
830 679 894 760 alt,
912 677 946 741 in
968 677 1114 762 epistolis
1135 699 1262 765 nempe,
1284 699 1322 745 se
1340 681 1448 764 anfa-

217 785 316 868 gn'sse
339 783 553 862 ecastodla‚
582 783 677 866 qnod
700 787 821 870 impar
839 790 933 851 esset
955 787 1194 851 contumeliae
1218 789 1446 873 carceresque

218 891 393 956 molestiis
411 891 587 974 ferendis.
612 913 630 953 ν
653 890 702 958 cf.
729 892 911 959 Demostb.
938 892 1132 977 epistolii,
1157 894 1179 976 ἓ
1201 895 1253 973 17,
1276 916 1309 980 p.
1332 896 1443 961 1471:

218 997 263 1062 Ob
282 996 336 1083 γὰρ
351 995 523 1083 ἀπεγνωκὼς
541 1005 613 1080 ὑμᾶς
631 997 693 1064 οὐδ’
712 1006 829 1086 ἑτέρωσε
848 1003 962 1079 βλέπων
981 1002 1098 1081 οὐδαμοῖ
1115 1007 1259 1083 μετέστην,
1277 999 1357 1068 ἀλλὰ
1370 1011 1447 1088 πρῶ·

218 1130 265 1171 τον
289 1106 339 1186 μέν
361 1109 497 1182 τούνειδος
521 1119 571 1187 τῆς
595 1112 704 1194 εἱρκτῆς
730 1112 867 1191 χαλεπῶς
891 1115 930 1193 τῷ
957 1112 1086 1193 λογισμῷ
1116 1113 1218 1194 ρέρων,
1245 1107 1304 1175 εἶτα
1330 1107 1374 1175 διὰ
1396 1113 1445 1194 τὴν
1551 1145 1556 1155 ·

218 1216 331 1293 ἡλικίαν
350 1214 400 1278 aba
415 1214 447 1277 ἂν
466 1208 524 1290 οἷός
542 1207 616 1278 τ’ίυν
630 1221 669 1299 τῷ
688 1213 793 1295 σώματι
811 1215 860 1296 τὴν
874 1216 1061 1281 κακοπάθειαν
1075 1222 1248 1300 ὑπενεγκεῖν.
1263 1213 1325 1280 Sed
1340 1236 1446 1281 unum

217 1317 389 1404 praeteriit
398 1320 417 1384 J
419 1317 556 1384 aeobum
568 1319 699 1401 Reiske,
716 1324 793 1405 ρησίν
806 1317 957 1407 ἀποδρᾶναι
966 1323 1030 1398 τοὺς
1045 1323 1095 1403 μέν
1109 1318 1204 1388 λαθὼν
1215 1324 1295 1406 (non
1307 1322 1444 1405 λαθόντα)

217 1425 437 1492 scribendum.
454 1426 550 1492 Nunc
565 1427 635 1491 sine
649 1426 717 1491 ulla
731 1426 939 1494 dubitatione
960 1427 1141 1513 scripturae
1162 1433 1224 1515 φησὶ
1243 1429 1277 1494 et
1294 1432 1445 1512 δυνάμενος

217 1531 252 1597 et
268 1529 363 1599 λαθὼν
379 1532 497 1599 codicis
511 1532 541 1599 N
556 1534 635 1598 sunt
648 1534 861 1619 recipiendae.
903 1557 907 1565 ¹

261 1712 315 1779 82.
341 1713 521 1779 Notissima
539 1711 654 1779 fabula
667 1713 879 1824 ovium-lupis
898 1732 994 1779 canes
1007 1713 1209 1779 tradentium
1224 1713 1257 1778 in
1271 1712 1444 1780 Plutarchi

216 1819 382 1886 codicibus
397 1819 590 1904 vulgaribus
609 1821 670 1886 vit.
692 1821 875 1888 Demostb.
899 1842 926 1886 o.
945 1821 1054 1885 XXIII
1073 1821 1119 1885 sic
1138 1820 1412 1886 commemoratur
1433 1842 1441 1886 :

215 1923 290 1992 Ὅτε
312 1931 424 1994 καὶτὸν
444 1933 578 2016 περὶτῶν
598 1929 742 2017 προόοίτων
760 1935 848 2014 λόγον
868 1937 883 1994 ό
903 1928 1098 2011 Δημοσθένης,
1125 1933 1164 2006 ὡς
1185 1941 1243 2005 τοῖς
1260 1932 1358 2006 λύκοις
1380 1930 1445 2006 τοὺς

215 2042 300 2111 κύνας
320 2035 453 2112 ἐξέδωκε,
474 2036 677 2121 διηγησάμενος
693 2040 774 2102 αύτδν
793 2039 844 2118 μὲν
865 2044 960 2102 εἴκασε
978 2040 1025 2102 καί
1043 2037 1108 2113 τοὺς
1127 2037 1173 2101 σὐν
1189 2036 1263 2122 αύτῷ
1281 2038 1356 2102 κυσίν
1374 2036 1444 2121 ύπέρ

214 2154 261 2208 τοῦ
284 2147 371 2224 δήμου
395 2149 575 2227 μαχομένοις,
609 2141 800 2229 Ἀλέξανδρον
824 2145 854 2209 δέ
877 2147 923 2208 τόν
949 2143 1103 2209 Μακεδόνα
1127 2147 1282 2224 μονόλυκον
1301 2147 1443 2229 προσηγό·

216 2274 320 2335 ρευσεν.
342 2247 413 2314 Non
429 2247 542 2314 dubito
553 2250 632 2334 quin
644 2249 837 2334 eavulgata‚
854 2249 964 2316 verbis
978 2249 1148 2334 scriptoris
1163 2249 1266 2334 ipsIus
1282 2249 1444 2314 truncatis

215 2356 401 2443 partlmque
419 2375 549 2440 pessum
569 2355 667 2437 datis,
684 2357 899 2423 acorreetore
917 2355 1006 2421 haud
1026 2356 1073 2422 ita
1092 2356 1209 2421 inscito
1227 2355 1273 2420 sit
1285 2355 1441 2441 profecta,

215 2483 288 2528 oum
308 2461 386 2528 haec
414 2463 446 2527 in
464 2462 494 2529 N
514 2463 652 2528 exarata
679 2466 837 2549 reperiam
860 2483 867 2527 :
890 2459 965 2530 Ὅτε
987 2467 1035 2530 καὶ
1061 2466 1108 2530 τὸν
1134 2461 1195 2550 περί
1222 2470 1276 2529 τῶν
1300 2461 1444 2551 πρσίοίτων

214 2573 333 2654 λόγονό
350 2569 532 2652 Δημοσθένης
546 2580 699 2656 προσῆψε
713 2581 756 2658 τῷ
772 2577 864 2657 δήμῳ
879 2568 897 2636 ol
915 2583 972 2648 τοῖς
988 2575 1087 2647 λύκοις
1100 2571 1164 2648 τοὺς
1177 2575 1263 2648 κύνας
1276 2571 1413 2649 ἐξέδωκεν
1432 2595 1440 2612 ·

213 2680 271 2742 καί
299 2681 523 2760 διηγούμενος
546 2681 627 2742 αὑτὸν
655 2679 705 2760 μέν
733 2685 826 2744 εἴκασε
849 2681 896 2744 καί
920 2679 984 2755 τοὺς
1005 2679 1051 2743 σύν
1071 2684 1145 2763 αὐτῷ
1167 2681 1243 2743 κυσίν
1265 2679 1333 2764 ὑπὲρ
1355 2682 1443 2761 δήμου

215 2782 349 2866 (omisso
362 2782 516 2866 articulo)
536 2791 717 2869 μαχομένοις,
736 2789 792 2851 τὸν
812 2783 840 2851 δ’
868 2783 1101 2870 Ἀλέξανδρον
1116 2784 1271 2850 Μακεδόνα
1287 2789 1443 2866 μονόλυκον

214 2897 446 2978 προσηγόρευσεν.
489 2889 563 2955 Non
596 2889 692 2955 aliter
724 2889 846 2956 dixisse
878 2888 1093 2955 Plutarchum
1128 2905 1225 2972 quam
1262 2889 1372 2954 exstat
1409 2890 1443 2954 in

214 2998 322 3065 codice
340 2998 370 3064 N
386 2996 672 3063 verisimillimum
692 2997 752 3065 est.
774 2998 879 3073 Quam
899 3017 978 3063 vero
997 2995 1120 3082 injuste
1134 2996 1304 3082 Philippus
1318 2997 1443 3062 Barton

213 3106 315 3173 MosIs
330 3105 380 3170 Du
400 3100 477 3168 Soul
496 3101 713 3168 subtilitatem
735 3103 880 3190 Increpat
899 3101 916 3168 t
936 3104 1010 3188 (pro
1028 3103 1080 3185 ὡς)
1101 3103 1222 3181 ἐξέδωκε
1239 3102 1439 3188 expetentiS!

215 3236 233 3278 ιι
254 3212 311 3291 Ὡς
328 3209 397 3296 τοῖς]
419 3211 517 3275 Prius
537 3212 568 3288 ὃς
585 3223 642 3287 τοῖς
661 3209 753 3276 nullo
767 3231 876 3275 sensu.
901 3209 962 3274 Ed.
980 3208 1174 3274 Florentina
1188 3208 1221 3273 et
1234 3208 1303 3274 tres
1318 3208 1460 3276 oodioes·

212 3341 291 3386 mss.
315 3317 439 3384 habent
458 3322 507 3394 ὡς.
530 3317 581 3382 Du
600 3316 677 3384 Soul
697 3318 826 3383 mavult
845 3317 863 3384 a
882 3331 950 3400 τοῖς,
969 3317 1067 3382 nimis
1086 3315 1219 3402 elegans
1233 3316 1267 3381 et
1281 3317 1456 3397 curiosus.

213 3428 251 3493 ut
274 3425 357 3491 mihi
377 3423 522 3504 videtur,
544 3425 576 3488 in
596 3425 753 3518 scriptore
774 3446 839 3491 non
860 3425 957 3489 nimIs
977 3422 1165 3508 eleganti.»
1185 3424 1268 3488 Fere
1286 3443 1444 3510 superva-

213 3554 351 3600 caneum
365 3531 415 3598 est
429 3531 582 3597 lectorem
601 3551 732 3597 monere
747 3551 845 3617 quam
859 3531 984 3597 simiIes
998 3531 1065 3597 siut
1077 3531 1111 3594 in
1127 3530 1291 3616 scriptura
1306 3531 1444 3615 antiqua

212 3640 359 3707 oodieum
376 3639 677 3724 manuscriptorum
693 3641 726 3704 et
740 3639 855 3705 littera
870 3667 888 3706 α
902 3639 935 3704 et
949 3636 1079 3724 syllaba
1095 3665 1136 3716 σς.
1152 3637 1306 3703 Jaeobum
1318 3635 1444 3722 Amyot

213 3749 411 3834 sorIpturam
426 3756 550 3834 προσηψε
569 3756 608 3834 τῷ
623 3752 703 3834 δήμῳ
717 3747 909 3832 cognovisse
922 3765 1113 3832 persuasum
1123 3743 1239 3825 habe0,
1251 3744 1336 3830 apud
1346 3764 1443 3829 quem

213 3856 294 3922 haee
312 3854 387 3942 lego
404 3875 412 3920 :
431 3875 449 3917 ιι
471 3856 516 3919 Et
527 3856 588 3936 fad
604 3856 692 3931 lars,
709 3851 784 3919 dcc
797 3874 864 3938 qne
879 3855 938 3919 lon
957 3856 1081 3933 escrit,
1099 3872 1168 3937 qne
1186 3853 1442 3919 Demosthenes

212 3979 347 4030 canere
367 3980 411 4028 au
430 3980 561 4027 rnurun
580 3959 776 4028 n'Arnsnus
801 3963 837 4027 la
857 3962 956 4044 falle
979 3962 1041 4026 cles
1056 3959 1183 4040 brebis,
1202 3964 1235 4024 et
1254 3960 1318 4024 des
1339 3960 1442 4044 lonps
1487 3961 1489 3966 '

213 4070 538 4156 qaidemanderent
553 4090 623 4136 nne
637 4072 712 4152 fols
724 4089 799 4148 ann
818 4069 933 4135 brebis
950 4089 1015 4153 qne
1027 4087 1125 4152 ponr
1141 4068 1244 4132 aoolr
1256 4067 1347 4150 paca
1359 4085 1443 4132 auec

212 4178 307 4256 enta,
323 4178 410 4242 elles
431 4179 517 4243 lenr
533 4179 731 4243 ltorassent
751 4182 854 4242 entre
875 4177 975 4249 lenrs
995 4177 1115 4240 mains
1129 4175 1181 4239 les
1201 4175 1357 4239 mastlns
1375 4174 1443 4256 qni

212 4287 262 4350 les
279 4269 471 4370 pardolent
491 4309 503 4350 .·
521 4303 565 4350 en
584 4291 800 4367 comparant
825 4286 888 4367 lay
911 4289 942 4350 et
957 4303 1014 4348 ses
1040 4300 1299 4367 compagnons,
1327 4283 1392 4344 etc.
1421 4300 1440 4342 ν

194 4393 258 4456 ¹De
278 4411 375 4457 sensu
395 4411 473 4456 vero
493 4392 583 4456 vocIs
602 4401 727 4478 προσῆψε
746 4393 783 4475 (e
805 4391 932 4476 aptavit
950 4410 983 4469 ν,
1001 4388 1116 4476 gallice
1132 4407 1138 4452 :
1157 4389 1184 4452 ll
1202 4387 1376 4472 appllqna
1390 4404 1440 4450 an

205 4499 369 4584 pcepta),
391 4496 433 4565 cl.
455 4499 598 4564 Platon.
617 4497 758 4584 Republ.
778 4497 884 4578 I.VII‚
906 4497 975 4580 §3,
993 4497 1103 4582 p.517
1123 4513 1193 4575 κ-Β,
1216 4495 1289 4579 post
1308 4510 1441 4558 enarra·

212 4607 281 4670 tam
300 4625 419 4691 ‘specus
438 4604 627 4690 allegoriam
651 4625 658 4670 :
687 4607 798 4688 Ταύτην
817 4610 921 4688 τοίνυν,
945 4605 979 4687 ἦν
1000 4603 1024 4670 δ’
1049 4604 1118 4688 ἐγώ,
1140 4606 1189 4688 τὴν
1211 4603 1313 4683 εἰκόνα,
1336 4596 1358 4666 ὦ
1378 4603 1441 4684 φίλε

158 4763 161 4768 -
213 4713 366 4795 Γλαύκων,
384 4719 556 4801 προσαπτέον
571 4713 680 4780 ἅπασαν
700 4727 757 4792 τοῖς
776 4718 929 4801 ἔμπροσθεν
943 4717 1120 4797 λεγομένοις.
