<?xml version="1.0" encoding="UTF-8"?>
<!DOCTYPE html PUBLIC "-//W3C//DTD XHTML 1.0 Transitional//EN"
    "http://www.w3.org/TR/xhtml1/DTD/xhtml1-transitional.dtd">
<html xmlns="http://www.w3.org/1999/xhtml" xml:lang="en" lang="en">
 <head>
  <title>
</title>
<meta http-equiv="Content-Type" content="text/html;charset=utf-8" />
  <meta name='ocr-system' content='tesseract 3.04.00' />
  <meta name='ocr-capabilities' content='ocr_page ocr_carea ocr_par ocr_line ocrx_word'/>
</head>
<body>
  <div class='ocr_page' id='page_1' title='image "./deplutarchicodi00graugoog/deplutarchicodi00graugoog_0014.png"; bbox 0 0 3568 5472; ppageno 0'>
   <div class='ocr_carea' id='block_1_1' title="bbox 499 474 1437 542">
    <p class='ocr_par' dir='ltr' id='par_1_1' title="bbox 499 474 1437 542">
     <span class='ocr_line' id='line_1_1' title="bbox 499 474 1437 542; baseline -0.003 -10"><span class='ocrx_word' id='word_1_1' title='bbox 499 484 541 532; x_wconf 84' lang='lat' dir='ltr'>DE</span> <span class='ocrx_word' id='word_1_2' title='bbox 565 482 756 531; x_wconf 78' lang='lat' dir='ltr'>PLUTAROHI</span> <span class='ocrx_word' id='word_1_3' title='bbox 780 482 898 532; x_wconf 74' lang='lat' dir='ltr'>comcs</span> <span class='ocrx_word' id='word_1_4' title='bbox 922 482 1141 533; x_wconf 76' lang='lat' dir='ltr'><strong>MATRITENSI.</strong></span> <span class='ocrx_word' id='word_1_5' title='bbox 1415 474 1437 542; x_wconf 87' lang='grc'>5</span> 
     </span>
    </p>
   </div>
   <div class='ocr_carea' id='block_1_2' title="bbox 127 607 1438 1662">
    <p class='ocr_par' dir='ltr' id='par_1_2' title="bbox 127 607 1438 1662">
     <span class='ocr_line' id='line_1_2' title="bbox 253 607 1438 696; baseline 0.002 -20"><span class='ocrx_word' id='word_1_6' title='bbox 253 612 287 679; x_wconf 85' lang='grc'>7.</span> <span class='ocrx_word' id='word_1_7' title='bbox 313 609 348 676; x_wconf 91' lang='lat' dir='ltr'>Si</span> <span class='ocrx_word' id='word_1_8' title='bbox 374 608 522 676; x_wconf 80' lang='lat' dir='ltr'><strong>criticam</strong></span> <span class='ocrx_word' id='word_1_9' title='bbox 545 607 654 676; x_wconf 84' lang='lat' dir='ltr'>Caroli</span> <span class='ocrx_word' id='word_1_10' title='bbox 681 607 825 678; x_wconf 83' lang='lat' dir='ltr'>Sintenis</span> <span class='ocrx_word' id='word_1_11' title='bbox 854 607 1100 676; x_wconf 78' lang='lat' dir='ltr'>annotationem</span> <span class='ocrx_word' id='word_1_12' title='bbox 1130 610 1331 696; x_wconf 82' lang='lat' dir='ltr'>inspexeris,</span> <span class='ocrx_word' id='word_1_13' title='bbox 1359 631 1438 683; x_wconf 81' lang='lat' dir='ltr'>voce</span> 
     </span>
     <span class='ocr_line' id='line_1_3' title="bbox 209 715 1437 806; baseline 0 -20"><span class='ocrx_word' id='word_1_14' title='bbox 209 718 331 806; x_wconf 83' lang='grc' dir='ltr'>ἀφαιρεῖν</span> <span class='ocrx_word' id='word_1_15' title='bbox 350 717 522 804; x_wconf 77' lang='lat' dir='ltr'>intelleges</span> <span class='ocrx_word' id='word_1_16' title='bbox 539 715 663 782; x_wconf 89' lang='lat' dir='ltr'>codices</span> <span class='ocrx_word' id='word_1_17' title='bbox 685 715 925 801; x_wconf 89' lang='lat' dir='ltr'>manuscriptos</span> <span class='ocrx_word' id='word_1_18' title='bbox 939 736 1052 782; x_wconf 94' lang='lat' dir='ltr'>omnes</span> <span class='ocrx_word' id='word_1_19' title='bbox 1072 736 1195 794; x_wconf 89' lang='lat' dir='ltr'>carere,</span> <span class='ocrx_word' id='word_1_20' title='bbox 1217 719 1335 804; x_wconf 91' lang='lat' dir='ltr'>quippe</span> <span class='ocrx_word' id='word_1_21' title='bbox 1353 739 1437 805; x_wconf 90' lang='lat' dir='ltr'>quae</span> 
     </span>
     <span class='ocr_line' id='line_1_4' title="bbox 208 823 1437 912; baseline 0.002 -19"><span class='ocrx_word' id='word_1_22' title='bbox 208 828 251 893; x_wconf 86' lang='lat' dir='ltr'>sit</span> <span class='ocrx_word' id='word_1_23' title='bbox 275 825 537 912; x_wconf 90' lang='lat' dir='ltr'>supplementum</span> <span class='ocrx_word' id='word_1_24' title='bbox 561 825 709 890; x_wconf 89' lang='lat' dir='ltr'>anescio</span> <span class='ocrx_word' id='word_1_25' title='bbox 732 843 796 907; x_wconf 92' lang='lat' dir='ltr'>quo</span> <span class='ocrx_word' id='word_1_26' title='bbox 820 823 970 891; x_wconf 86' lang='lat' dir='ltr'>veterum</span> <span class='ocrx_word' id='word_1_27' title='bbox 996 823 1158 890; x_wconf 90' lang='lat' dir='ltr'>editorum</span> <span class='ocrx_word' id='word_1_28' title='bbox 1187 826 1395 911; x_wconf 90' lang='lat' dir='ltr'>protractum</span> <span class='ocrx_word' id='word_1_29' title='bbox 1419 849 1437 902; x_wconf 84' lang='lat' dir='ltr'>e</span> 
     </span>
     <span class='ocr_line' id='line_1_5' title="bbox 209 925 1432 1017; baseline 0.005 -19"><span class='ocrx_word' id='word_1_30' title='bbox 209 934 306 999; x_wconf 86' lang='lat' dir='ltr'>simili</span> <span class='ocrx_word' id='word_1_31' title='bbox 347 932 417 998; x_wconf 93' lang='lat' dir='ltr'>loco</span> <span class='ocrx_word' id='word_1_32' title='bbox 456 930 556 996; x_wconf 88' lang='lat' dir='ltr'>libelli</span> <span class='ocrx_word' id='word_1_33' title='bbox 594 925 932 997; x_wconf 88' lang='lat' dir='ltr'>Pseudo-Plutarchei</span> <span class='ocrx_word' id='word_1_34' title='bbox 965 930 1107 1016; x_wconf 74' lang='lat' dir='ltr'>Regum</span> <span class='ocrx_word' id='word_1_35' title='bbox 1149 938 1184 1000; x_wconf 85' lang='lat' dir='ltr'>ei</span> <span class='ocrx_word' id='word_1_36' title='bbox 1221 936 1432 1017; x_wconf 74' lang='lat' dir='ltr'>imperator.</span> 
     </span>
     <span class='ocr_line' id='line_1_6' title="bbox 210 1035 1436 1128; baseline 0.003 -22"><span class='ocrx_word' id='word_1_37' title='bbox 210 1041 458 1128; x_wconf 73' lang='lat' dir='ltr'>apophthegm.</span> <span class='ocrx_word' id='word_1_38' title='bbox 475 1037 565 1117; x_wconf 89' lang='lat' dir='ltr'>dicti,</span> <span class='ocrx_word' id='word_1_39' title='bbox 581 1057 677 1122; x_wconf 86' lang='lat' dir='ltr'>quem</span> <span class='ocrx_word' id='word_1_40' title='bbox 696 1035 739 1103; x_wconf 85' lang='lat' dir='ltr'>cf.</span> <span class='ocrx_word' id='word_1_41' title='bbox 762 1038 809 1123; x_wconf 83' lang='lat' dir='ltr'>(p.</span> <span class='ocrx_word' id='word_1_42' title='bbox 824 1037 889 1103; x_wconf 89' lang='grc'>186</span> <span class='ocrx_word' id='word_1_43' title='bbox 902 1037 935 1114; x_wconf 80' lang='lat' dir='ltr'>cl</span> <span class='ocrx_word' id='word_1_44' title='bbox 953 1057 960 1103; x_wconf 94' lang='lat'><strong>:</strong></span> <span class='ocrx_word' id='word_1_45' title='bbox 984 1036 1137 1105; x_wconf 79' lang='grc' dir='ltr'>Ἐαελευσε</span> <span class='ocrx_word' id='word_1_46' title='bbox 1150 1041 1180 1105; x_wconf 79' lang='grc' dir='ltr'>δὲ</span> <span class='ocrx_word' id='word_1_47' title='bbox 1192 1041 1256 1118; x_wconf 76' lang='grc' dir='ltr'>τσὺς</span> <span class='ocrx_word' id='word_1_48' title='bbox 1272 1039 1436 1125; x_wconf 66' lang='grc' dir='ltr'>Ἀθηναίους</span> 
     </span>
     <span class='ocr_line' id='line_1_7' title="bbox 208 1142 1435 1236; baseline 0.002 -22"><span class='ocrx_word' id='word_1_49' title='bbox 208 1151 256 1232; x_wconf 80' lang='grc' dir='ltr'>τὴν</span> <span class='ocrx_word' id='word_1_50' title='bbox 268 1150 385 1232; x_wconf 76' lang='grc' dir='ltr'>Αἴγιναν</span> <span class='ocrx_word' id='word_1_51' title='bbox 400 1147 493 1233; x_wconf 83' lang='grc' dir='ltr'>ὥσπερ</span> <span class='ocrx_word' id='word_1_52' title='bbox 507 1152 602 1230; x_wconf 79' lang='grc' dir='ltr'>λήμην</span> <span class='ocrx_word' id='word_1_53' title='bbox 616 1142 738 1231; x_wconf 79' lang='grc' dir='ltr'>ἀφαιρεῖν</span> <span class='ocrx_word' id='word_1_54' title='bbox 752 1158 798 1210; x_wconf 77' lang='lat' dir='ltr'>coi</span> <span class='ocrx_word' id='word_1_55' title='bbox 815 1143 968 1230; x_wconf 77' lang='grc' dir='ltr'><strong>Πειραιῶς.</strong></span> <span class='ocrx_word' id='word_1_56' title='bbox 989 1145 1056 1209; x_wconf 86' lang='lat' dir='ltr'>Pro</span> <span class='ocrx_word' id='word_1_57' title='bbox 1070 1142 1191 1232; x_wconf 80' lang='grc' dir='ltr'>ἀφαιρεῖν</span> <span class='ocrx_word' id='word_1_58' title='bbox 1206 1166 1283 1214; x_wconf 85' lang='lat' dir='ltr'>vero</span> <span class='ocrx_word' id='word_1_59' title='bbox 1297 1156 1435 1236; x_wconf 78' lang='grc' dir='ltr'>περιελεῖν</span> 
     </span>
     <span class='ocr_line' id='line_1_8' title="bbox 207 1250 1433 1340; baseline 0.004 -22"><span class='ocrx_word' id='word_1_60' title='bbox 207 1254 330 1340; x_wconf 88' lang='lat' dir='ltr'>legitur</span> <span class='ocrx_word' id='word_1_61' title='bbox 356 1254 498 1339; x_wconf 90' lang='lat' dir='ltr'>margini</span> <span class='ocrx_word' id='word_1_62' title='bbox 521 1250 671 1340; x_wconf 88' lang='lat' dir='ltr'>additum</span> <span class='ocrx_word' id='word_1_63' title='bbox 695 1252 728 1316; x_wconf 94' lang='lat' dir='ltr'>in</span> <span class='ocrx_word' id='word_1_64' title='bbox 757 1250 883 1316; x_wconf 92' lang='lat' dir='ltr'>duobus</span> <span class='ocrx_word' id='word_1_65' title='bbox 907 1250 1056 1317; x_wconf 86' lang='lat' dir='ltr'>tribusve</span> <span class='ocrx_word' id='word_1_66' title='bbox 1081 1253 1170 1318; x_wconf 86' lang='lat' dir='ltr'>vitae</span> <span class='ocrx_word' id='word_1_67' title='bbox 1184 1255 1433 1323; x_wconf 74' lang='lat' dir='ltr'>Demosthenis</span> 
     </span>
     <span class='ocr_line' id='line_1_9' title="bbox 127 1357 1431 1447; baseline 0.001 -21"><span class='ocrx_word' id='word_1_68' title='bbox 127 1387 130 1390; x_wconf 95' lang='lat'>·</span> <span class='ocrx_word' id='word_1_69' title='bbox 206 1361 301 1427; x_wconf 88' lang='lat' dir='ltr'>libris</span> <span class='ocrx_word' id='word_1_70' title='bbox 312 1357 936 1447; x_wconf 78' lang='lat' dir='ltr'>interpolatissedveram,utvidetur,</span> <span class='ocrx_word' id='word_1_71' title='bbox 948 1357 1120 1425; x_wconf 92' lang='lat' dir='ltr'>lectionem</span> <span class='ocrx_word' id='word_1_72' title='bbox 1132 1361 1431 1445; x_wconf 81' lang='lat' dir='ltr'>protulitcodexN,</span> 
     </span>
     <span class='ocr_line' id='line_1_10' title="bbox 205 1465 1433 1554; baseline 0.002 -20"><span class='ocrx_word' id='word_1_73' title='bbox 205 1469 267 1554; x_wconf 89' lang='lat' dir='ltr'>ipsi</span> <span class='ocrx_word' id='word_1_74' title='bbox 282 1466 459 1534; x_wconf 81' lang='lat' dir='ltr'>Plutarcho</span> <span class='ocrx_word' id='word_1_75' title='bbox 474 1468 506 1532; x_wconf 94' lang='lat' dir='ltr'>in</span> <span class='ocrx_word' id='word_1_76' title='bbox 522 1467 676 1533; x_wconf 75' lang='lat' dir='ltr'>Periclis</span> <span class='ocrx_word' id='word_1_77' title='bbox 692 1465 752 1532; x_wconf 86' lang='lat' dir='ltr'>vit.</span> <span class='ocrx_word' id='word_1_78' title='bbox 770 1484 950 1531; x_wconf 79' lang='lat' dir='ltr'>consonans</span> <span class='ocrx_word' id='word_1_79' title='bbox 966 1465 1122 1532; x_wconf 85' lang='lat' dir='ltr'>scribenti</span> <span class='ocrx_word' id='word_1_80' title='bbox 1141 1470 1226 1554; x_wconf 89' lang='lat' dir='ltr'>(cap.</span> <span class='ocrx_word' id='word_1_81' title='bbox 1244 1468 1279 1553; x_wconf 83' lang='lat'>8)</span> <span class='ocrx_word' id='word_1_82' title='bbox 1293 1489 1300 1534; x_wconf 92' lang='lat'>:</span> <span class='ocrx_word' id='word_1_83' title='bbox 1319 1467 1388 1536; x_wconf 78' lang='lat' dir='ltr'>Oios</span> <span class='ocrx_word' id='word_1_84' title='bbox 1402 1475 1433 1537; x_wconf 78' lang='grc' dir='ltr'>τὸ</span> 
     </span>
     <span class='ocr_line' id='line_1_11' title="bbox 205 1571 1161 1662; baseline -0.001 -20"><span class='ocrx_word' id='word_1_85' title='bbox 205 1579 254 1660; x_wconf 73' lang='grc' dir='ltr'>τὴν</span> <span class='ocrx_word' id='word_1_86' title='bbox 274 1575 391 1662; x_wconf 76' lang='grc' dir='ltr'>Αἴγιναν</span> <span class='ocrx_word' id='word_1_87' title='bbox 411 1581 450 1652; x_wconf 83' lang='grc' dir='ltr'>ὡς</span> <span class='ocrx_word' id='word_1_88' title='bbox 467 1580 562 1658; x_wconf 80' lang='grc' dir='ltr'>λήμην</span> <span class='ocrx_word' id='word_1_89' title='bbox 581 1588 629 1640; x_wconf 79' lang='grc' dir='ltr'>τσῦ</span> <span class='ocrx_word' id='word_1_90' title='bbox 650 1574 793 1662; x_wconf 82' lang='grc' dir='ltr'>Πειραιῶς</span> <span class='ocrx_word' id='word_1_91' title='bbox 812 1571 925 1660; x_wconf 82' lang='grc' dir='ltr'>ἀφελεῖν</span> <span class='ocrx_word' id='word_1_92' title='bbox 943 1579 1076 1640; x_wconf 78' lang='grc' dir='ltr'>κελεῦσαι</span> <span class='ocrx_word' id='word_1_93' title='bbox 1095 1581 1161 1642; x_wconf 78' lang='grc' dir='ltr'>κτλ.</span> 
     </span>
    </p>
   </div>
   <div class='ocr_carea' id='block_1_3' title="bbox 205 1703 1517 2348">
    <p class='ocr_par' dir='ltr' id='par_1_3' title="bbox 205 1703 1517 2348">
     <span class='ocr_line' id='line_1_12' title="bbox 248 1703 1517 1814; baseline 0.005 -22"><span class='ocrx_word' id='word_1_94' title='bbox 248 1729 281 1792; x_wconf 88' lang='grc'>8.</span> <span class='ocrx_word' id='word_1_95' title='bbox 309 1726 359 1792; x_wconf 94' lang='lat' dir='ltr'>Ibi</span> <span class='ocrx_word' id='word_1_96' title='bbox 378 1745 506 1810; x_wconf 89' lang='lat' dir='ltr'>quoque</span> <span class='ocrx_word' id='word_1_97' title='bbox 525 1703 691 1790; x_wconf 83' lang='lat' dir='ltr'>antecellit</span> <span class='ocrx_word' id='word_1_98' title='bbox 709 1722 868 1809; x_wconf 86' lang='lat' dir='ltr'>vulgatae</span> <span class='ocrx_word' id='word_1_99' title='bbox 889 1726 1025 1788; x_wconf 88' lang='lat' dir='ltr'>varians</span> <span class='ocrx_word' id='word_1_100' title='bbox 1045 1723 1149 1789; x_wconf 87' lang='lat' dir='ltr'>&#39;lectio</span> <span class='ocrx_word' id='word_1_101' title='bbox 1170 1723 1289 1792; x_wconf 89' lang='lat' dir='ltr'>codicis</span> <span class='ocrx_word' id='word_1_102' title='bbox 1313 1727 1432 1814; x_wconf 89' lang='lat' dir='ltr'>Hispa·</span> <span class='ocrx_word' id='word_1_103' title='bbox 1513 1791 1517 1798; x_wconf 92' lang='lat'><em>.</em></span> 
     </span>
     <span class='ocr_line' id='line_1_13' title="bbox 205 1829 1432 1920; baseline 0.002 -21"><span class='ocrx_word' id='word_1_104' title='bbox 205 1835 327 1900; x_wconf 90' lang='lat' dir='ltr'>niensis</span> <span class='ocrx_word' id='word_1_105' title='bbox 349 1854 357 1898; x_wconf 92' lang='lat'>:</span> <span class='ocrx_word' id='word_1_106' title='bbox 379 1830 467 1898; x_wconf 93' lang='lat' dir='ltr'>haud</span> <span class='ocrx_word' id='word_1_107' title='bbox 487 1831 583 1898; x_wconf 88' lang='lat' dir='ltr'>facile</span> <span class='ocrx_word' id='word_1_108' title='bbox 605 1832 691 1897; x_wconf 92' lang='lat' dir='ltr'>enim</span> <span class='ocrx_word' id='word_1_109' title='bbox 710 1830 828 1916; x_wconf 89' lang='lat' dir='ltr'>aliquis</span> <span class='ocrx_word' id='word_1_110' title='bbox 845 1829 966 1896; x_wconf 87' lang='lat' dir='ltr'>afferat</span> <span class='ocrx_word' id='word_1_111' title='bbox 985 1830 1127 1897; x_wconf 89' lang='lat' dir='ltr'>alterum</span> <span class='ocrx_word' id='word_1_112' title='bbox 1143 1832 1328 1920; x_wconf 87' lang='lat' dir='ltr'>exemplum</span> <span class='ocrx_word' id='word_1_113' title='bbox 1343 1835 1432 1902; x_wconf 88' lang='lat' dir='ltr'>verbi</span> 
     </span>
     <span class='ocr_line' id='line_1_14' title="bbox 205 1936 1446 2030; baseline -0.001 -22"><span class='ocrx_word' id='word_1_114' title='bbox 205 1949 347 2030; x_wconf 74' lang='grc' dir='ltr'>προφέρειν</span> <span class='ocrx_word' id='word_1_115' title='bbox 370 1941 583 2025; x_wconf 69' lang='lat' dir='ltr'>producere,</span> <span class='ocrx_word' id='word_1_116' title='bbox 615 1941 767 2024; x_wconf 75' lang='lat' dir='ltr'>gignere</span> <span class='ocrx_word' id='word_1_117' title='bbox 790 1936 1020 2024; x_wconf 87' lang='lat' dir='ltr'>significantis,</span> <span class='ocrx_word' id='word_1_118' title='bbox 1049 1937 1136 2023; x_wconf 89' lang='lat' dir='ltr'>quod</span> <span class='ocrx_word' id='word_1_119' title='bbox 1164 1960 1279 2026; x_wconf 89' lang='lat' dir='ltr'>graece</span> <span class='ocrx_word' id='word_1_120' title='bbox 1310 1940 1446 2023; x_wconf 87' lang='lat' dir='ltr'>dicitur</span> 
     </span>
     <span class='ocr_line' id='line_1_15' title="bbox 206 2044 1431 2136; baseline 0 -20"><span class='ocrx_word' id='word_1_121' title='bbox 206 2051 339 2136; x_wconf 78' lang='grc' dir='ltr'>ἐκφέρειν,</span> <span class='ocrx_word' id='word_1_122' title='bbox 362 2047 401 2112; x_wconf 93' lang='lat' dir='ltr'>ut</span> <span class='ocrx_word' id='word_1_123' title='bbox 419 2046 505 2136; x_wconf 91' lang='lat' dir='ltr'>apud</span> <span class='ocrx_word' id='word_1_124' title='bbox 525 2044 741 2113; x_wconf 86' lang='lat' dir='ltr'>Plutarchum</span> <span class='ocrx_word' id='word_1_125' title='bbox 762 2046 869 2131; x_wconf 92' lang='lat' dir='ltr'>ipsum</span> <span class='ocrx_word' id='word_1_126' title='bbox 888 2045 950 2112; x_wconf 78' lang='lat' dir='ltr'>rit.</span> <span class='ocrx_word' id='word_1_127' title='bbox 973 2044 1103 2112; x_wconf 83' lang='lat' dir='ltr'>Sullae</span> <span class='ocrx_word' id='word_1_128' title='bbox 1123 2065 1194 2133; x_wconf 88' lang='lat' dir='ltr'>cap.</span> <span class='ocrx_word' id='word_1_129' title='bbox 1219 2047 1283 2112; x_wconf 88' lang='lat' dir='ltr'>XX</span> <span class='ocrx_word' id='word_1_130' title='bbox 1307 2069 1314 2114; x_wconf 92' lang='lat'>:</span> <span class='ocrx_word' id='word_1_131' title='bbox 1335 2051 1431 2133; x_wconf 80' lang='grc' dir='ltr'>Λίμνη</span> 
     </span>
     <span class='ocr_line' id='line_1_16' title="bbox 205 2149 1430 2243; baseline 0.001 -21"><span class='ocrx_word' id='word_1_132' title='bbox 205 2160 313 2243; x_wconf 80' lang='grc' dir='ltr'>ἐνιφέρει</span> <span class='ocrx_word' id='word_1_133' title='bbox 322 2159 463 2237; x_wconf 80' lang='grc' dir='ltr'>κάλαμον.</span> <span class='ocrx_word' id='word_1_134' title='bbox 475 2152 540 2239; x_wconf 84' lang='lat' dir='ltr'>(cf.</span> <span class='ocrx_word' id='word_1_135' title='bbox 551 2155 655 2219; x_wconf 78' lang='lat' dir='ltr'>Arei.</span> <span class='ocrx_word' id='word_1_136' title='bbox 664 2153 725 2219; x_wconf 86' lang='lat' dir='ltr'>vit.</span> <span class='ocrx_word' id='word_1_137' title='bbox 736 2171 806 2238; x_wconf 89' lang='lat' dir='ltr'>cap.</span> <span class='ocrx_word' id='word_1_138' title='bbox 817 2151 860 2232; x_wconf 90' lang='lat' dir='ltr'>X,</span> <span class='ocrx_word' id='word_1_139' title='bbox 873 2172 900 2217; x_wconf 90' lang='lat' dir='ltr'>s.</span> <span class='ocrx_word' id='word_1_140' title='bbox 914 2149 987 2233; x_wconf 84' lang='lat' dir='ltr'>fin,</span> <span class='ocrx_word' id='word_1_141' title='bbox 1000 2153 1033 2219; x_wconf 92' lang='lat' dir='ltr'>et</span> <span class='ocrx_word' id='word_1_142' title='bbox 1042 2153 1158 2219; x_wconf 76' lang='lat' dir='ltr'>Marii</span> <span class='ocrx_word' id='word_1_143' title='bbox 1166 2155 1229 2222; x_wconf 79' lang='lat' dir='ltr'>rit.</span> <span class='ocrx_word' id='word_1_144' title='bbox 1240 2174 1310 2241; x_wconf 87' lang='lat' dir='ltr'>cap.</span> <span class='ocrx_word' id='word_1_145' title='bbox 1323 2157 1430 2240; x_wconf 89' lang='lat' dir='ltr'><strong>XXI.)</strong></span> 
     </span>
     <span class='ocr_line' id='line_1_17' title="bbox 206 2260 947 2348; baseline -0.005 -20"><span class='ocrx_word' id='word_1_146' title='bbox 206 2263 353 2328; x_wconf 90' lang='lat' dir='ltr'>Verbum</span> <span class='ocrx_word' id='word_1_147' title='bbox 370 2262 479 2348; x_wconf 93' lang='lat' dir='ltr'>aptius</span> <span class='ocrx_word' id='word_1_148' title='bbox 498 2261 680 2328; x_wconf 89' lang='lat' dir='ltr'>sententiae</span> <span class='ocrx_word' id='word_1_149' title='bbox 699 2279 764 2325; x_wconf 93' lang='lat' dir='ltr'>non</span> <span class='ocrx_word' id='word_1_150' title='bbox 783 2260 947 2326; x_wconf 84' lang='lat' dir='ltr'>invenias.</span> 
     </span>
    </p>
   </div>
   <div class='ocr_carea' id='block_1_4' title="bbox 204 2379 1443 2605">
    <p class='ocr_par' dir='ltr' id='par_1_4' title="bbox 204 2379 1443 2605">
     <span class='ocr_line' id='line_1_18' title="bbox 248 2379 1443 2512; baseline 0.001 -32"><span class='ocrx_word' id='word_1_151' title='bbox 248 2416 280 2480; x_wconf 88' lang='lat'>9.</span> <span class='ocrx_word' id='word_1_152' title='bbox 305 2414 354 2480; x_wconf 92' lang='lat' dir='ltr'>lbi</span> <span class='ocrx_word' id='word_1_153' title='bbox 373 2413 558 2498; x_wconf 90' lang='lat' dir='ltr'>iterumque</span> <span class='ocrx_word' id='word_1_154' title='bbox 577 2411 677 2493; x_wconf 88' lang='lat' dir='ltr'>infra,</span> <span class='ocrx_word' id='word_1_155' title='bbox 700 2379 772 2498; x_wconf 80' lang='lat' dir='ltr'>cap.</span> <span class='ocrx_word' id='word_1_156' title='bbox 798 2413 842 2492; x_wconf 93' lang='lat' dir='ltr'>II,</span> <span class='ocrx_word' id='word_1_157' title='bbox 870 2414 920 2495; x_wconf 74' lang='grc' dir='ltr'>μὲν</span> <span class='ocrx_word' id='word_1_158' title='bbox 939 2411 995 2478; x_wconf 94' lang='lat' dir='ltr'>diu</span> <span class='ocrx_word' id='word_1_159' title='bbox 1017 2411 1103 2512; x_wconf 82' lang='lat' dir='ltr'>afuit</span> <span class='ocrx_word' id='word_1_160' title='bbox 1125 2434 1190 2480; x_wconf 92' lang='lat' dir='ltr'>non</span> <span class='ocrx_word' id='word_1_161' title='bbox 1215 2414 1286 2480; x_wconf 91' lang='lat' dir='ltr'>sine</span> <span class='ocrx_word' id='word_1_162' title='bbox 1311 2433 1443 2501; x_wconf 50' lang='lat' dir='ltr'>magno¹</span> 
     </span>
     <span class='ocr_line' id='line_1_19' title="bbox 204 2519 681 2605; baseline 0 -19"><span class='ocrx_word' id='word_1_163' title='bbox 204 2522 376 2605; x_wconf 88' lang='lat' dir='ltr'>utriusque</span> <span class='ocrx_word' id='word_1_164' title='bbox 390 2520 452 2587; x_wconf 92' lang='lat' dir='ltr'>loci</span> <span class='ocrx_word' id='word_1_165' title='bbox 472 2519 681 2586; x_wconf 88' lang='lat' dir='ltr'>detrimento.</span> 
     </span>
    </p>
   </div>
   <div class='ocr_carea' id='block_1_5' title="bbox 202 2660 1430 2856">
    <p class='ocr_par' dir='ltr' id='par_1_5' title="bbox 202 2660 1430 2856">
     <span class='ocr_line' id='line_1_20' title="bbox 249 2660 1430 2754; baseline 0.003 -25"><span class='ocrx_word' id='word_1_166' title='bbox 249 2666 302 2731; x_wconf 89' lang='lat'>10.</span> <span class='ocrx_word' id='word_1_167' title='bbox 329 2665 448 2730; x_wconf 91' lang='lat' dir='ltr'>Utrum</span> <span class='ocrx_word' id='word_1_168' title='bbox 468 2667 598 2752; x_wconf 78' lang='grc' dir='ltr'>ἐργασίαν</span> <span class='ocrx_word' id='word_1_169' title='bbox 616 2667 635 2748; x_wconf 81' lang='grc' dir='ltr'>ἢ</span> <span class='ocrx_word' id='word_1_170' title='bbox 655 2664 737 2742; x_wconf 77' lang='grc' dir='ltr'>δόξαν</span> <span class='ocrx_word' id='word_1_171' title='bbox 752 2660 1001 2748; x_wconf 88' lang='lat' dir='ltr'>praeferendum</span> <span class='ocrx_word' id='word_1_172' title='bbox 1020 2663 1076 2746; x_wconf 90' lang='lat' dir='ltr'>sit,</span> <span class='ocrx_word' id='word_1_173' title='bbox 1097 2683 1139 2729; x_wconf 92' lang='lat' dir='ltr'>an</span> <span class='ocrx_word' id='word_1_174' title='bbox 1159 2667 1289 2754; x_wconf 77' lang='grc' dir='ltr'>ἐργασίαν</span> <span class='ocrx_word' id='word_1_175' title='bbox 1307 2669 1364 2731; x_wconf 77' lang='grc' dir='ltr'>καὶ</span> <span class='ocrx_word' id='word_1_176' title='bbox 1384 2671 1430 2732; x_wconf 76' lang='grc' dir='ltr'>δό-</span> 
     </span>
     <span class='ocr_line' id='line_1_21' title="bbox 202 2770 691 2856; baseline -0.004 -18"><span class='ocrx_word' id='word_1_177' title='bbox 202 2773 264 2853; x_wconf 81' lang='grc' dir='ltr'>ξαν,</span> <span class='ocrx_word' id='word_1_178' title='bbox 286 2791 351 2837; x_wconf 93' lang='lat' dir='ltr'>non</span> <span class='ocrx_word' id='word_1_179' title='bbox 370 2772 477 2837; x_wconf 89' lang='lat' dir='ltr'>ausim</span> <span class='ocrx_word' id='word_1_180' title='bbox 497 2770 691 2856; x_wconf 88' lang='lat' dir='ltr'>disceptare.</span> 
     </span>
    </p>
   </div>
   <div class='ocr_carea' id='block_1_6' title="bbox 202 2912 1428 3108">
    <p class='ocr_par' dir='ltr' id='par_1_6' title="bbox 202 2912 1428 3108">
     <span class='ocr_line' id='line_1_22' title="bbox 247 2912 1428 3000; baseline -0.001 -19"><span class='ocrx_word' id='word_1_181' title='bbox 247 2917 300 2983; x_wconf 91' lang='lat' dir='ltr'>ll.</span> <span class='ocrx_word' id='word_1_182' title='bbox 327 2915 399 2981; x_wconf 90' lang='lat' dir='ltr'>Etsi</span> <span class='ocrx_word' id='word_1_183' title='bbox 423 2915 453 2982; x_wconf 93' lang='lat' dir='ltr'>N</span> <span class='ocrx_word' id='word_1_184' title='bbox 465 2935 549 2996; x_wconf 89' lang='lat' dir='ltr'>cum</span> <span class='ocrx_word' id='word_1_185' title='bbox 570 2913 709 3000; x_wconf 85' lang='lat' dir='ltr'>vulgata</span> <span class='ocrx_word' id='word_1_186' title='bbox 731 2912 899 3000; x_wconf 90' lang='lat' dir='ltr'>conspirat</span> <span class='ocrx_word' id='word_1_187' title='bbox 926 2914 1033 3000; x_wconf 79' lang='grc' dir='ltr'>φύσεώς</span> <span class='ocrx_word' id='word_1_188' title='bbox 1050 2941 1084 2981; x_wconf 85' lang='grc' dir='ltr'>τε</span> <span class='ocrx_word' id='word_1_189' title='bbox 1102 2913 1290 3000; x_wconf 86' lang='lat' dir='ltr'>praebente,</span> <span class='ocrx_word' id='word_1_190' title='bbox 1317 2915 1428 2981; x_wconf 89' lang='lat' dir='ltr'>malim</span> 
     </span>
     <span class='ocr_line' id='line_1_23' title="bbox 202 3020 1001 3108; baseline -0.004 -20"><span class='ocrx_word' id='word_1_191' title='bbox 202 3021 308 3108; x_wconf 84' lang='grc' dir='ltr'>φύσεώς</span> <span class='ocrx_word' id='word_1_192' title='bbox 325 3048 364 3108; x_wconf 84' lang='grc' dir='ltr'>γε</span> <span class='ocrx_word' id='word_1_193' title='bbox 383 3021 425 3088; x_wconf 91' lang='lat' dir='ltr'>ab</span> <span class='ocrx_word' id='word_1_194' title='bbox 443 3021 634 3108; x_wconf 82' lang='lat' dir='ltr'>Augustino</span> <span class='ocrx_word' id='word_1_195' title='bbox 652 3021 766 3108; x_wconf 88' lang='lat' dir='ltr'>Bryan</span> <span class='ocrx_word' id='word_1_196' title='bbox 785 3020 1001 3106; x_wconf 85' lang='lat' dir='ltr'>propositum.</span> 
     </span>
    </p>
   </div>
   <div class='ocr_carea' id='block_1_7' title="bbox 144 3153 1533 3689">
    <p class='ocr_par' dir='ltr' id='par_1_7' title="bbox 144 3153 1533 3689">
     <span class='ocr_line' id='line_1_24' title="bbox 247 3153 1533 3258; baseline 0.002 -21"><span class='ocrx_word' id='word_1_197' title='bbox 247 3173 299 3238; x_wconf 86' lang='lat'>12.</span> <span class='ocrx_word' id='word_1_198' title='bbox 325 3153 414 3238; x_wconf 87' lang='lat' dir='ltr'>Audi</span> <span class='ocrx_word' id='word_1_199' title='bbox 429 3173 552 3253; x_wconf 78' lang='lat' dir='ltr'>virum,</span> <span class='ocrx_word' id='word_1_200' title='bbox 569 3172 752 3258; x_wconf 91' lang='lat' dir='ltr'>priscorum</span> <span class='ocrx_word' id='word_1_201' title='bbox 767 3171 966 3238; x_wconf 88' lang='lat' dir='ltr'>Graecorum</span> <span class='ocrx_word' id='word_1_202' title='bbox 982 3192 1165 3238; x_wconf 85' lang='lat' dir='ltr'>sermonem</span> <span class='ocrx_word' id='word_1_203' title='bbox 1180 3171 1300 3258; x_wconf 90' lang='lat' dir='ltr'>optime</span> <span class='ocrx_word' id='word_1_204' title='bbox 1314 3173 1429 3240; x_wconf 90' lang='lat' dir='ltr'>callen-</span> <span class='ocrx_word' id='word_1_205' title='bbox 1530 3201 1533 3209; x_wconf 90' lang='lat'>·</span> 
     </span>
     <span class='ocr_line' id='line_1_25' title="bbox 200 3278 1428 3367; baseline 0.002 -21"><span class='ocrx_word' id='word_1_206' title='bbox 200 3281 279 3360; x_wconf 78' lang='lat' dir='ltr'>tem,</span> <span class='ocrx_word' id='word_1_207' title='bbox 292 3280 427 3346; x_wconf 84' lang='lat' dir='ltr'>Coraem</span> <span class='ocrx_word' id='word_1_208' title='bbox 442 3299 449 3344; x_wconf 90' lang='lat'>:</span> <span class='ocrx_word' id='word_1_209' title='bbox 464 3300 483 3344; x_wconf 68' lang='lat' dir='ltr'>e&lt;</span> <span class='ocrx_word' id='word_1_210' title='bbox 496 3278 790 3365; x_wconf 76' lang='grc' dir='ltr'>Έπιλαμάανσμένην]</span> <span class='ocrx_word' id='word_1_211' title='bbox 804 3279 892 3359; x_wconf 81' lang='grc' dir='ltr'>Ἴσως</span> <span class='ocrx_word' id='word_1_212' title='bbox 906 3287 1044 3367; x_wconf 78' lang='grc' dir='ltr'>γραπτέον</span> <span class='ocrx_word' id='word_1_213' title='bbox 1060 3279 1297 3364; x_wconf 76' lang='grc' dir='ltr'>Ἐπιλαόσμένην,</span> <span class='ocrx_word' id='word_1_214' title='bbox 1311 3301 1330 3346; x_wconf 68' lang='lat' dir='ltr'>&gt;a</span> <span class='ocrx_word' id='word_1_215' title='bbox 1342 3281 1428 3366; x_wconf 87' lang='lat' dir='ltr'>quod</span> 
     </span>
     <span class='ocr_line' id='line_1_26' title="bbox 199 3384 1427 3473; baseline 0 -20"><span class='ocrx_word' id='word_1_216' title='bbox 199 3407 286 3453; x_wconf 91' lang='lat' dir='ltr'>nunc</span> <span class='ocrx_word' id='word_1_217' title='bbox 300 3387 419 3452; x_wconf 87' lang='lat' dir='ltr'>diserte</span> <span class='ocrx_word' id='word_1_218' title='bbox 435 3386 595 3473; x_wconf 88' lang='lat' dir='ltr'>scriptum</span> <span class='ocrx_word' id='word_1_219' title='bbox 610 3386 747 3473; x_wconf 88' lang='lat' dir='ltr'>apparet</span> <span class='ocrx_word' id='word_1_220' title='bbox 760 3389 794 3452; x_wconf 91' lang='lat' dir='ltr'>in</span> <span class='ocrx_word' id='word_1_221' title='bbox 810 3387 918 3454; x_wconf 89' lang='lat' dir='ltr'>codice</span> <span class='ocrx_word' id='word_1_222' title='bbox 932 3387 973 3454; x_wconf 91' lang='lat' dir='ltr'>N.</span> <span class='ocrx_word' id='word_1_223' title='bbox 996 3384 1047 3454; x_wconf 82' lang='lat' dir='ltr'>of.</span> <span class='ocrx_word' id='word_1_224' title='bbox 1064 3387 1172 3454; x_wconf 93' lang='lat' dir='ltr'>locum</span> <span class='ocrx_word' id='word_1_225' title='bbox 1192 3408 1257 3454; x_wconf 92' lang='lat' dir='ltr'>non</span> <span class='ocrx_word' id='word_1_226' title='bbox 1271 3390 1318 3464; x_wconf 85' lang='lat' dir='ltr'>ita</span> <span class='ocrx_word' id='word_1_227' title='bbox 1331 3389 1427 3455; x_wconf 87' lang='lat' dir='ltr'>dissi-</span> 
     </span>
     <span class='ocr_line' id='line_1_27' title="bbox 198 3492 1426 3583; baseline 0.004 -23"><span class='ocrx_word' id='word_1_228' title='bbox 198 3494 318 3560; x_wconf 85' lang='lat' dir='ltr'>milem·</span> <span class='ocrx_word' id='word_1_229' title='bbox 338 3494 397 3560; x_wconf 78' lang='lat' dir='ltr'>vit.</span> <span class='ocrx_word' id='word_1_230' title='bbox 431 3492 565 3560; x_wconf 73' lang='lat' dir='ltr'>Cimon.</span> <span class='ocrx_word' id='word_1_231' title='bbox 601 3514 672 3580; x_wconf 85' lang='lat' dir='ltr'>cap.</span> <span class='ocrx_word' id='word_1_232' title='bbox 707 3495 829 3561; x_wconf 82' lang='lat' dir='ltr'>XVII:</span> <span class='ocrx_word' id='word_1_233' title='bbox 856 3496 914 3562; x_wconf 76' lang='grc' dir='ltr'>Τὸν</span> <span class='ocrx_word' id='word_1_234' title='bbox 947 3497 1069 3577; x_wconf 84' lang='grc' dir='ltr'>Κίμωνα</span> <span class='ocrx_word' id='word_1_235' title='bbox 1096 3506 1202 3583; x_wconf 74' lang='grc' dir='ltr'>μικρᾶς</span> <span class='ocrx_word' id='word_1_236' title='bbox 1232 3499 1426 3580; x_wconf 78' lang='grc' dir='ltr'>ὲπιλαόόμενσι</span> 
     </span>
     <span class='ocr_line' id='line_1_28' title="bbox 144 3601 803 3689; baseline 0 -21"><span class='ocrx_word' id='word_1_237' title='bbox 144 3635 147 3640; x_wconf 92' lang='grc'><strong><em>·</em></strong></span> <span class='ocrx_word' id='word_1_238' title='bbox 198 3603 361 3689; x_wconf 83' lang='grc' dir='ltr'>προφάσεως</span> <span class='ocrx_word' id='word_1_239' title='bbox 377 3601 580 3688; x_wconf 78' lang='grc' dir='ltr'>ἐξωστράκισαν</span> <span class='ocrx_word' id='word_1_240' title='bbox 598 3603 637 3678; x_wconf 82' lang='grc' dir='ltr'>εἰς</span> <span class='ocrx_word' id='word_1_241' title='bbox 656 3606 704 3684; x_wconf 83' lang='grc' dir='ltr'>ἐτη</span> <span class='ocrx_word' id='word_1_242' title='bbox 723 3608 803 3668; x_wconf 79' lang='grc' dir='ltr'>δέκα.</span> 
     </span>
    </p>
   </div>
   <div class='ocr_carea' id='block_1_8' title="bbox 195 3733 1427 4490">
    <p class='ocr_par' dir='ltr' id='par_1_8' title="bbox 195 3733 1427 4490">
     <span class='ocr_line' id='line_1_29' title="bbox 243 3733 1427 3842; baseline 0.003 -25"><span class='ocrx_word' id='word_1_243' title='bbox 243 3751 297 3817; x_wconf 92' lang='grc'>13.</span> <span class='ocrx_word' id='word_1_244' title='bbox 310 3753 468 3819; x_wconf 89' lang='lat' dir='ltr'>Voculam</span> <span class='ocrx_word' id='word_1_245' title='bbox 484 3780 520 3834; x_wconf 81' lang='grc' dir='ltr'>τι,</span> <span class='ocrx_word' id='word_1_246' title='bbox 537 3773 603 3838; x_wconf 89' lang='lat' dir='ltr'>qua</span> <span class='ocrx_word' id='word_1_247' title='bbox 613 3751 697 3818; x_wconf 91' lang='lat' dir='ltr'>male</span> <span class='ocrx_word' id='word_1_248' title='bbox 707 3733 799 3820; x_wconf 86' lang='lat' dir='ltr'>caret</span> <span class='ocrx_word' id='word_1_249' title='bbox 810 3754 943 3840; x_wconf 86' lang='lat' dir='ltr'>quaevis</span> <span class='ocrx_word' id='word_1_250' title='bbox 958 3753 1059 3820; x_wconf 93' lang='lat' dir='ltr'>editio</span> <span class='ocrx_word' id='word_1_251' title='bbox 1070 3755 1194 3842; x_wconf 86' lang='lat' dir='ltr'>majore</span> <span class='ocrx_word' id='word_1_252' title='bbox 1203 3755 1427 3821; x_wconf 87' lang='lat' dir='ltr'>Sintenisiana</span> 
     </span>
     <span class='ocr_line' id='line_1_30' title="bbox 199 3849 1425 3948; baseline 0.001 -21"><span class='ocrx_word' id='word_1_253' title='bbox 199 3859 376 3940; x_wconf 90' lang='lat' dir='ltr'>vetustior,</span> <span class='ocrx_word' id='word_1_254' title='bbox 389 3862 418 3926; x_wconf 89' lang='lat' dir='ltr'>si</span> <span class='ocrx_word' id='word_1_255' title='bbox 428 3861 678 3927; x_wconf 91' lang='lat' dir='ltr'>Lambinianam</span> <span class='ocrx_word' id='word_1_256' title='bbox 695 3863 873 3948; x_wconf 85' lang='lat' dir='ltr'>exceperis,</span> <span class='ocrx_word' id='word_1_257' title='bbox 887 3882 952 3928; x_wconf 92' lang='lat' dir='ltr'>non</span> <span class='ocrx_word' id='word_1_258' title='bbox 969 3860 1076 3928; x_wconf 89' lang='lat' dir='ltr'>solum</span> <span class='ocrx_word' id='word_1_259' title='bbox 1089 3849 1243 3943; x_wconf 70' lang='lat' dir='ltr'>coderN,</span> <span class='ocrx_word' id='word_1_260' title='bbox 1256 3860 1425 3928; x_wconf 85' lang='lat' dir='ltr'>sedetiam</span> 
     </span>
     <span class='ocr_line' id='line_1_31' title="bbox 197 3965 1425 4048; baseline 0.002 -14"><span class='ocrx_word' id='word_1_261' title='bbox 197 3967 262 4034; x_wconf 91' lang='lat' dir='ltr'>duo</span> <span class='ocrx_word' id='word_1_262' title='bbox 275 3968 394 4035; x_wconf 80' lang='lat' dir='ltr'>librin</span> <span class='ocrx_word' id='word_1_263' title='bbox 413 3969 447 4034; x_wconf 90' lang='lat' dir='ltr'>et</span> <span class='ocrx_word' id='word_1_264' title='bbox 460 3969 486 4034; x_wconf 91' lang='lat' dir='ltr'><strong>D</strong></span> <span class='ocrx_word' id='word_1_265' title='bbox 503 3968 647 4034; x_wconf 85' lang='lat' dir='ltr'>familiae</span> <span class='ocrx_word' id='word_1_266' title='bbox 661 3988 681 4034; x_wconf 90' lang='lat' dir='ltr'>a</span> <span class='ocrx_word' id='word_1_267' title='bbox 696 3969 812 4036; x_wconf 85' lang='lat' dir='ltr'>Carolo</span> <span class='ocrx_word' id='word_1_268' title='bbox 824 3969 969 4036; x_wconf 87' lang='lat' dir='ltr'>Sintenis</span> <span class='ocrx_word' id='word_1_269' title='bbox 984 3965 1149 4036; x_wconf 87' lang='lat' dir='ltr'>adhibitae</span> <span class='ocrx_word' id='word_1_270' title='bbox 1163 3969 1321 4048; x_wconf 83' lang='lat' dir='ltr'>reddunt3</span> <span class='ocrx_word' id='word_1_271' title='bbox 1339 3970 1425 4036; x_wconf 89' lang='lat' dir='ltr'>ideo-</span> 
     </span>
     <span class='ocr_line' id='line_1_32' title="bbox 197 4075 1426 4162; baseline 0 -20"><span class='ocrx_word' id='word_1_272' title='bbox 197 4097 260 4162; x_wconf 89' lang='lat' dir='ltr'>quo</span> <span class='ocrx_word' id='word_1_273' title='bbox 279 4075 371 4142; x_wconf 92' lang='lat' dir='ltr'>nobis</span> <span class='ocrx_word' id='word_1_274' title='bbox 390 4075 441 4141; x_wconf 93' lang='lat' dir='ltr'>est</span> <span class='ocrx_word' id='word_1_275' title='bbox 459 4076 532 4142; x_wconf 90' lang='lat' dir='ltr'>luce</span> <span class='ocrx_word' id='word_1_276' title='bbox 551 4075 671 4142; x_wconf 88' lang='lat' dir='ltr'>clarius</span> <span class='ocrx_word' id='word_1_277' title='bbox 696 4096 762 4142; x_wconf 93' lang='lat' dir='ltr'>non</span> <span class='ocrx_word' id='word_1_278' title='bbox 777 4079 932 4143; x_wconf 90' lang='lat' dir='ltr'>omissam</span> <span class='ocrx_word' id='word_1_279' title='bbox 951 4076 1054 4143; x_wconf 89' lang='lat' dir='ltr'>fuisse</span> <span class='ocrx_word' id='word_1_280' title='bbox 1079 4077 1114 4142; x_wconf 91' lang='lat' dir='ltr'>in</span> <span class='ocrx_word' id='word_1_281' title='bbox 1134 4076 1237 4162; x_wconf 89' lang='lat' dir='ltr'>stirpe</span> <span class='ocrx_word' id='word_1_282' title='bbox 1260 4078 1426 4142; x_wconf 91' lang='lat' dir='ltr'>communi</span> 
     </span>
     <span class='ocr_line' id='line_1_33' title="bbox 196 4182 1425 4271; baseline 0.001 -22"><span class='ocrx_word' id='word_1_283' title='bbox 196 4183 297 4270; x_wconf 91' lang='lat' dir='ltr'>(quod</span> <span class='ocrx_word' id='word_1_284' title='bbox 317 4185 551 4269; x_wconf 73' lang='lat' dir='ltr'>archetypum</span> <span class='ocrx_word' id='word_1_285' title='bbox 565 4204 683 4251; x_wconf 86' lang='lat' dir='ltr'>vocare</span> <span class='ocrx_word' id='word_1_286' title='bbox 696 4185 814 4271; x_wconf 89' lang='lat' dir='ltr'>possis)</span> <span class='ocrx_word' id='word_1_287' title='bbox 839 4184 1108 4268; x_wconf 88' lang='lat' dir='ltr'>Matritensisque</span> <span class='ocrx_word' id='word_1_288' title='bbox 1123 4182 1200 4249; x_wconf 94' lang='lat' dir='ltr'>libri</span> <span class='ocrx_word' id='word_1_289' title='bbox 1215 4182 1425 4270; x_wconf 87' lang='lat' dir='ltr'>familiaeque</span> 
     </span>
     <span class='ocr_line' id='line_1_34' title="bbox 195 4273 1425 4379; baseline 0 -22"><span class='ocrx_word' id='word_1_290' title='bbox 195 4291 300 4357; x_wconf 83' lang='lat' dir='ltr'>totius</span> <span class='ocrx_word' id='word_1_291' title='bbox 314 4289 566 4378; x_wconf 90' lang='lat' dir='ltr'>Sintenisianae.</span> <span class='ocrx_word' id='word_1_292' title='bbox 583 4294 741 4358; x_wconf 92' lang='lat' dir='ltr'>-Paulo</span> <span class='ocrx_word' id='word_1_293' title='bbox 755 4293 840 4379; x_wconf 90' lang='lat' dir='ltr'>post,</span> <span class='ocrx_word' id='word_1_294' title='bbox 861 4312 927 4362; x_wconf 92' lang='lat' dir='ltr'>non</span> <span class='ocrx_word' id='word_1_295' title='bbox 936 4290 1091 4378; x_wconf 87' lang='lat' dir='ltr'>displicet</span> <span class='ocrx_word' id='word_1_296' title='bbox 1106 4290 1186 4357; x_wconf 91' lang='lat' dir='ltr'>mihi</span> <span class='ocrx_word' id='word_1_297' title='bbox 1202 4290 1330 4376; x_wconf 88' lang='lat' dir='ltr'>quidem</span> <span class='ocrx_word' id='word_1_298' title='bbox 1345 4273 1425 4357; x_wconf 89' lang='lat' dir='ltr'>arti-</span> 
     </span>
     <span class='ocr_line' id='line_1_35' title="bbox 196 4398 729 4490; baseline 0.004 -26"><span class='ocrx_word' id='word_1_299' title='bbox 196 4398 290 4465; x_wconf 91' lang='lat' dir='ltr'>culus</span> <span class='ocrx_word' id='word_1_300' title='bbox 309 4412 356 4465; x_wconf 75' lang='grc' dir='ltr'>τοῦ</span> <span class='ocrx_word' id='word_1_301' title='bbox 373 4400 450 4464; x_wconf 92' lang='lat' dir='ltr'>ante</span> <span class='ocrx_word' id='word_1_302' title='bbox 469 4405 543 4481; x_wconf 79' lang='grc' dir='ltr'>βισῠν</span> <span class='ocrx_word' id='word_1_303' title='bbox 559 4400 729 4490; x_wconf 77' lang='lat' dir='ltr'>repetitus.</span> 
     </span>
    </p>
   </div>
   <div class='ocr_carea' id='block_1_9' title="bbox 195 4530 1423 4845">
    <p class='ocr_par' dir='ltr' id='par_1_9' title="bbox 195 4530 1423 4845">
     <span class='ocr_line' id='line_1_36' title="bbox 242 4530 1423 4645; baseline 0.003 -40"><span class='ocrx_word' id='word_1_304' title='bbox 242 4541 296 4606; x_wconf 84' lang='lat'>14.</span> <span class='ocrx_word' id='word_1_305' title='bbox 321 4540 376 4607; x_wconf 92' lang='lat' dir='ltr'>Nil</span> <span class='ocrx_word' id='word_1_306' title='bbox 400 4542 589 4628; x_wconf 86' lang='lat' dir='ltr'>perplexius</span> <span class='ocrx_word' id='word_1_307' title='bbox 608 4543 659 4608; x_wconf 93' lang='lat' dir='ltr'>his</span> <span class='ocrx_word' id='word_1_308' title='bbox 674 4530 922 4628; x_wconf 78' lang='lat' dir='ltr'>quaestionibus</span> <span class='ocrx_word' id='word_1_309' title='bbox 946 4541 1224 4645; x_wconf 64' lang='lat' dir='ltr'>orthographicis</span> <span class='ocrx_word' id='word_1_310' title='bbox 1241 4543 1309 4608; x_wconf 92' lang='lat' dir='ltr'>tam</span> <span class='ocrx_word' id='word_1_311' title='bbox 1328 4543 1423 4628; x_wconf 87' lang='lat' dir='ltr'>parvi</span> 
     </span>
     <span class='ocr_line' id='line_1_37' title="bbox 195 4649 1423 4738; baseline 0.001 -25"><span class='ocrx_word' id='word_1_312' title='bbox 195 4668 273 4714; x_wconf 90' lang='lat' dir='ltr'>sane</span> <span class='ocrx_word' id='word_1_313' title='bbox 283 4651 451 4730; x_wconf 91' lang='lat' dir='ltr'>momenti,</span> <span class='ocrx_word' id='word_1_314' title='bbox 469 4651 497 4716; x_wconf 92' lang='lat' dir='ltr'>si</span> <span class='ocrx_word' id='word_1_315' title='bbox 511 4651 564 4716; x_wconf 91' lang='lat' dir='ltr'>cui</span> <span class='ocrx_word' id='word_1_316' title='bbox 574 4653 656 4717; x_wconf 90' lang='lat' dir='ltr'>satis</span> <span class='ocrx_word' id='word_1_317' title='bbox 671 4652 722 4717; x_wconf 89' lang='lat' dir='ltr'>est</span> <span class='ocrx_word' id='word_1_318' title='bbox 731 4671 863 4738; x_wconf 91' lang='lat' dir='ltr'>sensum</span> <span class='ocrx_word' id='word_1_319' title='bbox 876 4651 1047 4737; x_wconf 87' lang='lat' dir='ltr'>scriptoris</span> <span class='ocrx_word' id='word_1_320' title='bbox 1056 4650 1200 4737; x_wconf 85' lang='lat' dir='ltr'>adipisci,</span> <span class='ocrx_word' id='word_1_321' title='bbox 1215 4670 1299 4736; x_wconf 87' lang='lat' dir='ltr'>quae</span> <span class='ocrx_word' id='word_1_322' title='bbox 1308 4649 1423 4716; x_wconf 88' lang='lat' dir='ltr'>tamen</span> 
     </span>
     <span class='ocr_line' id='line_1_38' title="bbox 195 4755 1422 4845; baseline 0.004 -26"><span class='ocrx_word' id='word_1_323' title='bbox 195 4756 330 4823; x_wconf 88' lang='lat' dir='ltr'>minimo</span> <span class='ocrx_word' id='word_1_324' title='bbox 348 4757 471 4825; x_wconf 93' lang='lat' dir='ltr'>criticis</span> <span class='ocrx_word' id='word_1_325' title='bbox 494 4758 555 4824; x_wconf 93' lang='lat' dir='ltr'>hoc</span> <span class='ocrx_word' id='word_1_326' title='bbox 573 4760 705 4825; x_wconf 93' lang='lat' dir='ltr'>nomine</span> <span class='ocrx_word' id='word_1_327' title='bbox 726 4758 834 4845; x_wconf 85' lang='lat' dir='ltr'>dignis</span> <span class='ocrx_word' id='word_1_328' title='bbox 858 4760 1032 4845; x_wconf 87' lang='lat' dir='ltr'>neglegere</span> <span class='ocrx_word' id='word_1_329' title='bbox 1056 4758 1143 4828; x_wconf 87' lang='lat' dir='ltr'>licet.</span> <span class='ocrx_word' id='word_1_330' title='bbox 1166 4755 1422 4825; x_wconf 77' lang='lat' dir='ltr'>confidenterN</span> 
     </span>
    </p>
   </div>
   <div class='ocr_carea' id='block_1_10' title="bbox 0 0 1788 5472">
    <p class='ocr_par' dir='ltr' id='par_1_10' title="bbox 0 0 1788 5472">
     <span class='ocr_line' id='line_1_39' title="bbox 0 0 1788 5472; baseline 0 5"><span class='ocrx_word' id='word_1_331' title='bbox 0 0 1788 5472; x_wconf 95' lang='lat' dir='ltr'> </span> 
     </span>
    </p>
   </div>
  </div>
 </body>
</html>
