3568 5472
536 468 579 516 ms
603 468 791 518 PLUTARCHI
815 470 935 522 comen
958 470 1176 544 MA'lRITENSI
1450 455 1471 518 7

278 587 398 659 15st
372 598 470 658 ἑνων
489 600 543 658 τῶν
562 591 711 660 πολλῶν’
696 598 932 680 αναγνωομάτων,
946 595 968 660 i.
983 614 1011 661 e.
1029 593 1133 660 tibris
1148 613 1303 678 quorum
1311 594 1474 679 plerique

244 706 326 767 auat
337 702 537 785 peropacae,
555 698 686 766 mihiet
671 699 854 768 tEduardo
873 698 995 788 nach&
1012 701 1175 768 Germano
1193 700 1367 787 interpreti
1381 699 1474 786 (licet

244 811 273 872 is
288 806 448 874 codicisN
466 807 637 872 lectionem
657 808 814 893 ignoret),
836 829 901 875 non
920 810 990 875 tam
1010 809 1117 895 placet
1133 827 1232 893 quam
1249 809 1335 887 ξένων
1354 815 1473 877 πολλῶν

152 993 157 1006 ¹
245 912 480 999 ἀναγνωσμάτων,
502 913 602 979 libris
621 916 747 981 multis
768 918 989 1001 pereprinis.
1020 916 1095 981 Jam
1113 914 1274 981 articulus
1298 914 1355 982 illc
1373 916 1474 986 molc-

245 1019 378 1088 stus'ab
398 1020 540 1086 editione
554 1020 784 1103 Lambiniana,
801 1022 838 1087 at
857 1022 968 1088 vetere
983 1021 1040 1088 illa
1060 1021 1143 1103 sola,
1163 1020 1259 1105 afuit,
1282 1023 1400 1111 quippe
1419 1024 1474 1091 cui
1530 1079 1535 1084 .

244 1147 381 1215 parvam
400 1128 597 1194 recentiores
616 1127 794 1194 tribuerint
813 1126 922 1195 fidem.

292 1289 344 1354 16.
370 1287 558 1376 Legendum
582 1289 632 1354 est
653 1290 703 1356 σθιν
727 1287 909 1356 secundum
923 1288 1067 1354 doricam
1087 1286 1276 1368 dialectum,
1297 1309 1362 1373 qua
1378 1309 1473 1375 prae-

244 1395 375 1461 conium
402 1394 562 1481 scriptum
585 1396 686 1461 erat:
716 1415 799 1480 quae
823 1395 995 1482 praetcrea
1013 1394 1130 1460 forma·
1148 1394 1311 1462 codicibus
1329 1395 1472 1463 ABCD

245 1501 312 1566 EF
332 1522 407 1568 cum
425 1501 511 1568 libro
529 1502 718 1568 Matritensi
738 1500 935 1569 facientibus
952 1502 1077 1569 intacta
1096 1501 1262 1570 servatur.

159 1733 168 1749 γ
186 1714 194 1726 ,
221 1713 248 1759 =.‹
290 1662 343 1729 17.
369 1659 483 1748 Ἔχειν,
501 1662 586 1748 quod
606 1663 640 1728 in
654 1664 684 1731 N
699 1661 879 1748 ceterisque
894 1662 990 1729 libris
1009 1664 1240 1750 manuscriptis
1258 1660 1410 1730 omnibus
1426 1664 1471 1729 le·

234 1769 348 1864 gitur,
371 1769 478 1835 locum
509 1768 587 1835 dare
614 1769 708 1835 debet
735 1771 935 1838 necessariae
961 1769 1073 1836 Jacobi
1102 1770 1222 1837 Reiske
1250 1770 1472 1838 emendationi

215 1863 227 1942 Ῐ,
245 1882 330 1962 ἔχων.

292 2028 345 2094 18.
370 2028 504 2115 Σωτηρίᾳ
525 2047 584 2114 pro
603 2033 737 2114 σωτηρίαν
756 2027 839 2092 nibil
857 2029 921 2094 nisi
940 2026 1124 2114 scripturae
1143 2028 1263 2094 vitium
1281 2029 1343 2095 est.
1364 2027 1472 2095 Multo

244 2156 324 2202 vero
347 2135 495 2222 praestat
514 2133 609 2202 lectio
632 2141 797 2222 διαφαγόντα
817 2137 920 2220 (quiue
939 2136 1135 2220 latuerunt)
1160 2134 1278 2202 codicis
1295 2135 1337 2218 N,
1357 2137 1429 2224 jam
1452 2155 1472 2202 a

244 2243 361 2328 Carolo
375 2240 521 2308 Sintenis
535 2261 553 2307 ο
568 2241 656 2308 notis
674 2243 832 2328 anonymi
850 2241 1021 2328 cujusdam
1041 2242 1149 2323 cruta,
1171 2242 1227 2308 sed
1247 2262 1267 2308 a
1284 2240 1472 2324 doctissimo

244 2348 380 2430 editore,
403 2369 520 2435 parum
544 2348 672 2429 audaci,
699 2351 733 2414 in
756 2349 886 2415 textum
909 2369 975 2416 non
1001 2350 1142 2436 recepta,
1163 2347 1319 2436 vulgatae
1339 2348 1471 2416 lectioni

246 2462 426 2543 διαφεύγοντα
446 2458 552 2541 (quae
571 2456 755 2542 latebant).

290 2617 343 2682 19.
369 2615 536 2684 Nonnulla
562 2634 641 2697 sane
663 2616 822 2681 memoria
848 2616 967 2702 digna,
996 2636 1063 2682 non
1090 2615 1168 2682 adeo
1201 2616 1324 2696 multa,
1357 2635 1470 2684 rerum

244 2724 419 2810 scriptores
437 2723 551 2811 fugere
570 2721 692 2804 solent,
718 2723 853 2809 ideoque
872 2727 990 2808 μηδενὸς
1007 2733 1061 2792 τῶν
1081 2722 1239 2810 ἀναγκαίων
1259 2725 1352 2804 ἐνδεὲς
1370 2721 1469 2791 ἁποδι·

244 2836 302 2914 δοίη
315 2835 351 2904 τὸ
369 2837 450 2918 ἔργον
470 2832 581 2897 verius
603 2851 623 2896 a
647 2831 824 2898 Plutarcho
844 2832 966 2897 dicitur
985 2851 1082 2916 quam
1107 2835 1146 2917 μὴ
1160 2836 1278 2899 πολλῶν
1293 2834 1363 2916 μηδὲ
1378 2829 1468 2917 ἀναγ-

242 2945 354 3006 καίωντ
379 2958 462 3023 quaa
480 2939 597 3005 ultima
624 2939 737 3020 verba,
764 2939 849 3005 forte
875 2939 1012 3025 syllabis
1041 2943 1118 3018 δενὸς
1145 2948 1199 3006 τῶν
1228 2939 1262 3003 in
1290 2938 1470 3024 exemplari

243 3044 351 3132 aliquo
383 3046 520 3131 antiquo
552 3045 769 3129 oblitteratis,
803 3046 845 3114 ab
877 3047 1088 3134 imprudente
1121 3045 1232 3114 scriba
1255 3044 1309 3114 vel
1333 3052 1468 3135 διορθωτῃ

242 3150 356 3219 refiota
375 3152 471 3218 facile
489 3152 633 3220 credam.

285 3305 340 3371 20.
366 3305 449 3372 Cum
475 3304 677 3372 Plutarchus
699 3304 754 3370 ille
777 3304 891 3370 noster
909 3305 961 3370 tot
983 3325 1087 3370 annos
1106 3305 1230 3370 Romae
1247 3303 1381 3385 vixerit,
1403 3299 1468 3372 non

242 3412 351 3498 potuit
364 3432 429 3478 non
443 3413 537 3478 latini
548 3413 706 3479 sermonis
720 3410 881 3479 elementa
895 3413 1011 3478 saltem
1021 3412 1070 3497 (τὰ
1081 3412 1247 3500 γράμματα)
1260 3431 1467 3498 pernoscere,

242 3520 277 3585 at
291 3519 385 3587 tarde
404 3521 533 3606 quidem
554 3520 702 3608 legendis
716 3520 913 3606 scriptorum
929 3539 1145 3614 romanorum
1164 3519 1317 3605 operibus
1335 3521 1479 3606 (σοντάγγ

242 3627 332 3713 μασιν)
348 3648 382 3694 se
395 3647 538 3694 navasse
548 3648 678 3714 operam
692 3627 849 3694 declarat.
866 3627 916 3695 ef.
929 3629 1041 3695 Num.
1055 3627 1132 3708 vit,
1144 3645 1216 3713 cap.
1233 3627 1339 3722 XXII,
1355 3628 1379 3693 1.
1398 3628 1438 3693 18
1457 3647 1466 3694 :

240 3731 295 3798 'iti
289 3723 437 3822 λογισμῷ
450 3763 512 3822 φασι
526 3742 581 3820 μηδ
567 3738 675 3815 δὲτοθς
690 3736 905 3832 Πυθαγορικοὺς
920 3737 959 3814 εἷς
972 3739 1079 3823 γραφὴν
1094 3741 1286 3802 κατατίθεσθαι
1278 3735 1335 3801 τὰ
1348 3739 1467 3820 συντάγ-

241 3869 325 3925 ματα.
345 3843 397 3908 De
411 3843 452 3909 St
440 3849 616 3911 inicorum
631 3849 843 3931 repupnunt
843 3846 891 3909 οἰό
895 3863 989 3929 ,.cap
1005 3844 1036 3908 X
1040 3865 1097 3929 ,p
1110 3843 1195 3909 1036
1211 3860 1255 3908 ο
1274 3843 1349 3929 (Χρ
1337 3869 1453 3909 οσιππο
1439 3842 1467 3926 )

242 3953 350 4016 ενεδεστ
318 3977 414 4037 (τερος
436 3958 602 4037 γέγονεν
572 3966 666 4035 αυτοῦ,
692 3955 793 4018 καὶτὸ
815 3957 958 4037 σύνταγμα
975 3965 1022 4018 τοῦ
1041 3954 1230 4036 συντάγματος
1251 3950 1464 4036 μαλακώτερον.

241 4056 393 4123 Adsere
417 4059 582 4141 Goloiem,
598 4077 669 4145 cap.
687 4059 833 4144 X1V,p.
852 4059 1129 4142 1115ιε..Μὴ
1144 4070 1201 4135 τοῖς
1216 4060 1327 4122 ἐκείνων
1347 4058 1466 4141 συντάγ·

241 4190 322 4246 μασιν
334 4167 462 4254 ἐντύχῃς,
479 4165 544 4249 μηδ’
560 4163 704 4254 ἆναλάθῃς
719 4168 757 4244 εἷς
770 4179 868 4254 χεῖρας
884 4163 1134 4252 Ἀριστοτέλους
1108 4190 1143 4229 τοι
1156 4168 1219 4251 περὶ
1235 4165 1350 4259 οὐρανοῦ
1365 4163 1459 4229 καἰ“
1433 4190 1468 4228 τα

241 4276 303 4358 περὶ
316 4281 407 4357 ψυχῆς
416 4279 481 4341 κτλ.
495 4274 614 4339 -Pro
625 4272 768 4339 absurdo
781 4273 837 4339 illo
847 4276 979 4357 ἡψάμεθα
995 4273 1179 4357 ἐντυγχάνειν,
1200 4268 1287 4354 quod
1300 4269 1358 4336 vix
1366 4287 1468 4334 unam

241 4445 587 4458 *mc-m*
878 4447 1261 4456 ----—-·.-.—-----—‹..-—---.—.

275 4544 330 4593 L«
347 4544 397 4593 Em
415 4545 518 4595 solches
536 4545 770 4610 (geschichtliches
787 4545 881 4604 Werk)
900 4560 972 4595 muss
984 4547 1263 4608 zusammengetragcn
1275 4539 1394 4602 werden,
1414 4539 1469 4590 und

242 4629 311 4664 zwar
327 4629 380 4665 αιιο
397 4617 477 4666 einer
494 4618 597 4678 Menoe
613 4632 662 4666 von
681 4616 866 4666 literarischen
883 4615 1012 4680 Erzeugni
1013 4629 1086 4676 seen,
1104 4613 1146 4663 die
1164 4628 1214 4663 uns
1228 4612 1303 4663 nicht
1319 4626 1365 4661 zur
1380 4610 1468 4674 Hand,

242 4685 342 4806 ptipputt'
335 4686 434 4808 titulati
416 4701 496 4749 geren
512 4688 600 4737 Hause
618 4687 770 4751 betindlich,
790 4689 904 4738 sondern
924 4685 1008 4736 fremd
1025 4685 1105 4734 ιιιι(1’
1098 4700 1126 4735 ιο
1144 4683 1214 4736 allon
1230 4683 1400 4748 Richtungen
1417 4696 1470 4733 zcr-
