3568 5472
291 440 335 506 44
811 461 841 507 c.
868 459 996 508 caaux.

292 579 399 648 scriba
435 581 573 666 aliquis,
616 582 710 650 oculo
748 603 769 649 a
806 589 982 662 διαπεσόντες
1016 581 1058 649 ad
1094 592 1288 671 περιπεσόντες
1322 585 1518 666 aberrante,

292 691 411 755 omissa
430 691 463 755 in
489 689 626 776 vulgata
648 691 751 757 verba
775 690 869 758 facile
892 691 1075 777 praeterire
1101 691 1257 777 potuerit.
1275 693 1325 761 Cf.
1347 694 1387 760 de
1400 715 1436 760 re
1451 695 1532 780 ipsa·

291 799 459 880 Pompeii
474 797 534 863 vii.
552 817 580 862 c.
598 797 676 862 XXI
696 819 703 863 ζ
725 799 769 864 Oi
785 801 838 882 pha
858 797 938 864 άλλόι
951 804 999 866 καί
1013 806 1100 885 τούτῳ
1114 803 1161 865 τόν
1177 800 1329 884 Πομπηίον
1350 803 1521 884 εἰσποιούσης

293 908 372 987 ἁμῶς
395 911 430 990 γέ
453 932 513 982 πως
530 914 568 992 τῷ
589 905 781 992 κατορθώματι
806 921 856 989 τῆς
878 912 977 992 τύχης,
999 913 1218 992 πεντακισχίλιοι
1247 916 1394 993 φεύγοντες
1415 912 1448 975 ἐκ
1470 925 1521 992 τῆς

293 1015 388 1098 μάχης
407 1015 535 1078 ἐνέπεσον
554 1013 593 1090 είς
608 1015 700 1094 αότόν,
718 1019 765 1090 οὒς
780 1012 903 1091 ἅπαντας
922 1019 1078 1100 διαφθείρας
1093 1019 1200 1100 ἔγραψε
1214 1018 1283 1101 πρὸς
1296 1019 1345 1100 τὴν
1362 1020 1519 1100 σύγκλητον

291 1125 357 1188 κτλ.
371 1120 417 1184 De
426 1139 488 1184 usu
498 1117 583 1204 apud
594 1118 807 1184 Plutarchum
821 1120 907 1186 vocis
919 1125 1082 1201 διαπίπτειν,
1095 1119 1137 1187 cl.
1152 1123 1327 1188 Eumenis
1337 1122 1398 1188 vit.
1413 1141 1441 1186 c.
1452 1121 1516 1186 IX:
1539 1206 1541 1208 Ι

284 1226 413 1314 ΙΠρῶτον
432 1226 555 1312 μὲνγὰρ
575 1229 604 1292 έν
626 1225 787 1314 Ὀρκυνίοις
795 1242 845 1310 τῆς
864 1228 1069 1305 Καππαδοκίας
1083 1233 1210 1311 ἡττηθεὶς
1229 1232 1281 1296 ὑπὸ
1298 1229 1458 1315 Ἀντιγόνου
1474 1229 1520 1294 διὰ

291 1337 439 1419 προδοσίας
463 1337 510 1399 καί
538 1339 706 1416 διωκόμενος
727 1336 756 1399 οό
783 1321 900 1419 παρῆκε
914 1337 961 1400 τόν
984 1340 1120 1422 προδότην
1143 1338 1176 1400 ὲκ
1200 1350 1250 1417 της
1274 1350 1361 1420 φυχῆς
1380 1341 1518 1402 διαπεσεῖν

290 1443 361 1525 πρὸς
374 1441 437 1518 τοὺς
455 1444 617 1521 πολεμίους,
634 1437 713 1506 ἀλλά
732 1437 882 1520 συλλαβὼν
900 1443 1049 1527 ἐκρέμασε,
1066 1441 1195 1525 aliaque
1214 1441 1362 1526 exempla
1380 1461 1401 1507 a
1416 1443 1518 1527 Wyt

291 1544 431 1611 tenbach
446 1545 479 1610 in
496 1546 609 1612 leccz‘cc
627 1546 844 1622 Platcrcbeo
864 1546 1013 1612 laudata.

273 1753 278 1765 .
338 1695 413 1762 102.
441 1693 566 1761 Crassi
579 1695 639 1762 vii.
653 1715 680 1760 c.
696 1695 760 1761 XV
778 1716 785 1760 :
805 1695 859 1762 Ἐκ
872 1705 968 1763 τσίτου
983 1703 1121 1776 δείσαντες
1134 1702 1233 1785 οίπερὶ
1246 1699 1400 1783 Πομπήϊον
1410 1703 1520 1778 οὐδενός

291 1801 438 1889 ἀπείχοντο
452 1812 506 1868 τῶν
521 1801 718 1886 ἀκοσμοτάτων
732 1809 779 1870 καί
794 1807 967 1887 βιαιοτάτων,
986 1802 1066 1871 ἀλλά
1079 1809 1149 1892 πρός
1162 1816 1228 1871 πᾶσι
1242 1820 1299 1884 τοῖς
1314 1812 1415 1885 ἀλλοις
1429 1814 1518 1893 λόχον

253 1987 255 1990 ¹
291 1918 402 1998 ὑφέντες
415 1923 454 2001 τῷ
470 1914 593 2002 Δομιτίῳ
610 1919 707 1992 νυκτός
722 1921 760 1981 ἔτι
777 1915 847 1997 μετόι
861 1924 914 1981 τῶν
929 1921 1029 1982 ἀλλων
1047 1924 1246 2003 κατερχομένῳ
1260 1916 1392 1984 κτείνουσι
1407 1921 1458 2001 μέν
1472 1923 1518 1985 τόν

292 2017 428 2105 ἀνέχοντα
441 2025 472 2087 τό
485 2032 541 2108 φῶς
555 2028 608 2110 πφδ
623 2026 717 2103 αὺτοῦ,
736 2022 957 2108 συντιτρώσκουσι
970 2026 1000 2089 δέ
1014 2029 1154 2106 πολλούς,
1172 2017 1209 2088 ὧν
1224 2026 1257 2107 ἧν
1272 2029 1319 2091 καί
1335 2032 1349 2090 ό
1365 2025 1518 2109 (articulo

292 2126 382 2192 caret
405 2129 553 2215 vulgata)
579 2132 694 2196 Κάτων.
723 2129 841 2204 Quales
859 2131 954 2194 eraut
977 2131 1027 2195 illi
1052 2132 1119 2196 υίίιΙ
1140 2133 1180 2215 (οἱ
1198 2133 1298 2214 ἀλλον)
1324 2117 1518 2215 quibuscum

291 2235 453 2301 Domitius
467 2237 692 2303 revertebatur
711 2236 864 2302 domum?
883 2238 1001 2303 Amici.
1025 2237 1140 2321 Itaque
1155 2238 1329 2323 legendum
1344 2260 1417 2305 cum
1433 2235 1525 2305 libro¹

291 2341 481 2408 Matritensi
509 2345 650 2426 μετὰτῶν
670 2350 768 2429 φίλων,
794 2342 880 2428 quod
909 2345 944 2409 in
964 2351 1064 2411 ἀλλων
1095 2345 1212 2410 abiisse
1238 2349 1442 2430 perspicuum
1467 2346 1519 2412 est

291 2446 408 2514 effectu
432 2450 519 2515 illius
546 2465 603 2529 τοῖς
622 2457 724 2528 ἄλλοις
747 2451 824 2515 ante
848 2471 906 2516 sex
929 2451 1089 2517 vocabula
1111 2471 1132 2516 a
1150 2452 1257 2518 scriba
1272 2454 1341 2540 jam
1362 2452 1517 2540 descripti

292 2553 423 2640 fixeque
438 2559 474 2622 in
494 2557 603 2622 animo
622 2557 854 2643 permanentis.

337 2709 411 2800 103.
432 2709 520 2775 Ιθιίί.
538 2729 565 2774 o.
583 2710 694 2775 XXXI
711 2731 718 2774 ζ
736 2713 793 2776 Τὸν
809 2713 839 2777 δέ
854 2712 986 2798 Κράσσον
1002 2715 1089 2793 όνομα
1104 2709 1298 2798 Πομαξάθρης
1314 2712 1432 2798 Πάρθος
1446 2710 1516 2778 άπέ-

291 2842 406 2881 κτεινεν.
418 2817 501 2882 Tum
516 2818 811 2904 Pseudo-Appiano
827 2819 1009 2905 οΜαξάρθης
1020 2821 1093 2903 (pro
1109 2806 1196 2902 ὄνομα
1212 2816 1432 2906 Πομαξάθρης),
1446 2819 1517 2884 tum

291 2921 399 2988 codice
418 2923 449 2991 N
470 2931 485 2990 ό
505 2923 698 3013 Πομαξάθρης
721 2925 911 3014 exhibente,
934 2946 1043 2991 vocem
1063 2930 1151 3009 ’όνομα
1169 2947 1211 2992 ex
1231 2945 1322 2991 mera
1341 2931 1517 3015 διττογροιφίᾳ

291 3031 397 3096 ortam
409 3015 486 3096 'esse
503 3033 536 3095 in
550 3031 744 3118 vulgaribus
758 3031 925 3098 codicibus
940 3031 1033 3098 facile
1052 3033 1192 3098 credam.

337 3183 412 3250 104.
438 3184 619 3250 Αίυίθίαιί.
637 3185 699 3250 vii.
716 3205 744 3250 c.
763 3186 809 3252 IV
828 3203 835 3248 :
856 3183 893 3250 ‘O
912 3187 942 3250 δὲ
963 3186 1133 3271 Σωκράτους
1148 3191 1218 3272 έρως
1233 3191 1308 3270 μέγα
1322 3193 1468 3271 μαρτύριον
1484 3186 1517 3267 ἦν

290 3305 341 3373 τῆς
362 3295 432 3377 πρός
450 3289 550 3378 ἀρετὴν
570 3295 677 3379 είφυίας
695 3307 743 3359 τοῦ
766 3299 879 3373 παιδός,
900 3297 933 3376 ἣν
954 3295 1154 3376 ἐμφαινομένην
1173 3301 1211 3380 τῷ
1237 3298 1306 3358 είδει
1327 3296 1373 3358 καί
1394 3296 1517 3373 διαλάμ-
1540 3300 1543 3307 “

291 3425 394 3465 πουσαν
408 3402 551 3487 ἐνορῶν...
568 3397 625 3477 οἷος
635 3401 670 3482 ἦν
685 3398 796 3483 ἀμύνειν
810 3405 857 3466 καί
874 3403 913 3484 μὴ
932 3411 1061 3486 περιορᾶν
1077 3405 1116 3484 ὡς
1131 3403 1210 3484 φυτδν
1225 3403 1253 3465 ἑν
1268 3404 1343 3466 άνθει
1357 3403 1404 3465 τὸν
1418 3401 1517 3466 οἰκεῖον

290 3510 396 3592 καρπὸν
412 3504 575 3573 άποὸάλλσν
593 3512 641 3573 καί
659 3514 822 3594 διαφθεῖρον.
846 3506 973 3580 Quibus
988 3527 1005 3572 e
1025 3506 1110 3571 libro
1129 3505 1320 3571 Matritensi
1334 3507 1363 3572 N
1378 3505 1519 3572 fideliter

292 3613 476 3697 exscriptis,
510 3633 605 3678 nemo
632 3614 704 3701 jam
734 3613 906 3700 vulgatam
930 3628 980 3697 τῆς
1008 3611 1109 3700 ἀρετῆς
1133 3617 1181 3680 καί
1211 3616 1320 3700 εὐφυΐας
1346 3627 1394 3680 τοῦ
1422 3618 1519 3692 παιδός

292 3718 501 3784 desiderabit.
964 3729 965 3732 ’

338 3863 413 3930 105.
438 3863 618 3940 Αίοίθίαιί.
633 3864 693 3929 vit.
709 3884 737 3930 c.
753 3864 834 3929 XXI
852 3884 859 3928 :
877 3866 937 3931 Καί
948 3871 1033 3941 τέλος
1042 3866 1071 3948 (ό
1083 3864 1184 3948 δῆμος)
1199 3861 1348 3936 ἀπέστειλε
1360 3867 1410 3948 τὴν
1420 3866 1519 3931 Σαλα·

291 3977 381 4054 μινίαν
401 3975 471 4058 πρὸς
494 3974 586 4053 αὐτόν,
609 3976 639 4039 οό
654 3962 772 4059 ’φαύλως
796 3976 860 4038 αότό
884 3999 919 4058 γε
941 3986 1020 4038 τοῦτο
1042 3972 1211 4058 προστάξας,
1235 3975 1274 4056 μὴ
1294 3975 1431 4052 βιάζεσθαι
1452 3971 1515 4054 μηδ’

287 4080 422 4147 σ’ίπτεσθαι
438 4094 486 4147 τοῦ
506 4080 643 4164 σώματος,
667 4079 747 4148 ἀλλά
760 4091 798 4169 τῷ
814 4086 916 4167 μετρίῳ
935 4085 1015 4166 λόγῳ
1034 4087 1152 4166 χρῆσθαι
1169 4085 1338 4156 κελεύοντας
1356 4077 1518 4145 ἀκολουθεῖν

292 4191 336 4254 έπί
354 4193 440 4274 κρίσιν
464 4193 511 4254 καὶ
534 4194 635 4255 πείθειν
658 4193 705 4256 τδν
732 4195 830 4272 δῆμον.
855 4186 937 4252 Cum
959 4185 1140 4251 Salaminia
1160 4187 1305 4252 triremis
1321 4206 1386 4250 non
1402 4184 1444 4251 ad
1460 4184 1518 4249 Al-

291 4294 462 4375 cibiadem,
482 4295 521 4360 ut
535 4295 575 4359 ad
596 4315 709 4380 regem
730 4295 869 4378 aliquem
891 4293 1022 4378 legatie,
1042 4294 1141 4358 missa
1164 4291 1277 4373 fuerit,
1300 4291 1356 4358 sed
1379 4291 1420 4357 ad
1443 4311 1518 4357 eum

290 4401 483 4487 capiendum
499 4400 793 4486 reducendumque‚
811 4420 876 4466 non
892 4405 975 4487 πρὸς
990 4404 1082 4483 αὐτόν,
1106 4400 1160 4465 sed
1176 4400 1219 4466 ἐπ’
1241 4403 1321 4466 ababa
1336 4399 1518 4485 oportuisse

290 4510 396 4580 dicere
411 4508 627 4574 Plutarchum
637 4508 770 4584 ,Gabriel
786 4508 886 4574 Cobet
899 4508 1097 4592 Memosyb.
1111 4527 1188 4572 nov.
1205 4527 1269 4572 ser.
1283 4507 1307 4572 t.
1321 4507 1380 4586 VI,
1393 4526 1425 4590 p.
1440 4505 1515 4584 168,

290 4635 449 4682 mouens:
470 4617 563 4682 «aut
577 4616 714 4696 scribae,
733 4616 852 4699 inquit,
874 4635 966 4681 error
989 4615 1051 4695 est,
1069 4615 1127 4704 aut
1145 4613 1327 4679 Plutarchi.
1347 4634 1365 4676 ν
1383 4611 1519 4677 Plutar-

290 4723 386 4786 chum
408 4725 439 4787 iu
461 4724 521 4789 hoc
539 4724 723 4810 peccavisse
745 4724 803 4800 vix
821 4720 1030 4802 credendum,
1047 4723 1166 4807 quippe
1182 4721 1238 4804 qui
1254 4718 1435 4786 Demosth.
1454 4716 1513 4784 vit.
