3568 5472
534 455 577 503 DE
601 454 791 504 rnurdltcffl
815 454 933 503 conlcn
956 445 1172 504 MATRI'I'ENSI.
1450 436 1471 500 9

244 585 278 646 et
291 581 378 664 μίαν
397 581 477 656 otii,
493 583 557 646 σία.
578 579 700 646 Nvero
714 599 774 666 pro
789 582 871 666 εύχερ
872 587 906 663 ής
925 577 1059 665 subjicit
1073 575 1246 662 ἁμαθήςγέν
1231 576 1296 644 νοίτ
1317 581 1362 645 ἄν.
1384 575 1471 643 Illud

244 715 278 773 γε
271 687 343 754 νσιτ’
355 693 388 755 ἄν
403 685 657 772 haudquaquam
668 686 849 752 sententiae
859 685 1086 779 nocet:1mm0
1096 704 1173 751 vero
1186 685 1233 751 sie
1244 685 1336 770 prius
1346 682 1471 769 periodi

245 794 429 860 membrum
449 793 560 860 evadit
582 795 801 874 numerosius,
817 793 1027 880 profectoque
1045 793 1161 857 melius
1180 791 1278 858 cadit.
1306 790 1368 859 Sed
1393 791 1471 876 quid

245 900 286 967 ad
302 922 372 967 rem
388 900 475 967 istud
497 899 625 985 ἁμαθήςί
643 900 792 968 Perfecta
803 901 956 969 convenit
975 901 1157 966 sententiae
1176 902 1308 987 εύχερήςε
1326 899 1471 965 attamen

244 1028 286 1074 ex
296 1007 358 1075 hae
373 1009 445 1094 ipsa
458 1028 537 1074 voce
549 1010 699 1075 exortam
713 1029 783 1075 esse
797 1009 994 1094 scripturam
1002 1007 1092 1073 iliam
1102 1006 1338 1093 discrepantem
1348 1005 1469 1090 ἀμαθής,

244 1112 340 1180 fidem
355 1115 494 1184 excedit.
516 1116 609 1182 Unde
624 1116 727 1201 igitur
740 1116 838 1182 simul
853 1116 974 1202 duplex
987 1115 1044 1181 illa
1058 1114 1206 1181 lectionis
1219 1115 1363 1180 varietas
1378 1113 1471 1199 gigni

243 1221 372 1307 potuit?
391 1222 441 1286 Ex
467 1224 588 1310 εύμαρής
608 1243 697 1304 voce,
724 1222 837 1304 crede,
863 1223 980 1309 calami
1005 1242 1082 1288 sane
1106 1219 1259 1287 ductibus
1281 1219 1375 1286 vaide
1398 1219 1471 1286 voci

245 1326 353 1413 άμαθής
381 1329 497 1411 Simili,
528 1329 613 1394 idem
641 1351 719 1397 vero
739 1331 838 1415 atque
864 1333 982 1418 εύχερής
1003 1327 1219 1416 significante.
1243 1326 1352 1412 Atque
1376 1325 1468 1406 adeo,

243 1434 444 1502 confidenter
469 1437 503 1502 in
526 1436 668 1503 editione
695 1439 785 1525 typis
811 1458 931 1532 excusa
956 1437 1118 1504 scribam:
1151 1439 1201 1503 σὺν
1226 1439 1349 1523 εὐμαρὴς
1367 1432 1468 1519 γένοιτ’

237 1540 287 1609 4α’ίν.
309 1542 359 1611 Cf.
392 1543 534 1611 Solonis
555 1544 614 1611 vit.
637 1565 666 1610 c.
690 1547 796 1626 XXX,
818 1544 841 1610 l.
863 1546 906 1612 34
930 1567 937 1612 :
961 1545 1068 1632 Πρῶην
1091 1547 1141 1628 μὲν
1156 1547 1197 1628 ’ήν
1221 1547 1470 1630 εὐμαρέστερον

243 1653 334 1729 αύτοῖς
351 1655 382 1717 τὸ
397 1658 522 1718 κωλῦσαι
540 1656 589 1736 τήν
604 1659 747 1741 τυραννίδα
766 1661 972 1737 συνισταμένην,
990 1668 1037 1719 νῦν
1057 1655 1086 1719 δὲ
1105 1658 1170 1718 κτλ.

657 1927 938 1989 flammantis.
961 1945 992 1991 c.
1016 1926 1053 1988 3.

286 2125 339 2192 Διδ
353 2131 400 2193 καὶ
413 2127 565 2213 γράφοντες
579 2131 606 2194 ἐν
622 2135 662 2214 τῷ
677 2131 775 2214 βιθλίῳ
790 2135 889 2215 τούτῳ,
907 2135 960 2194 τῶν
973 2132 1170 2215 παραλλήλων
1186 2131 1250 2208 βίων
1266 2131 1321 2192 θντι
1334 2133 1464 2212 πέμπτῳ,

241 2291 303 2373 περὶ
323 2286 520 2369 Δημοσθένους
538 2292 585 2355 καί
605 2289 778 2375 Κικέρωνος,
805 2286 859 2354 ἀπὸ
882 2297 936 2354 τῶν
960 2289 1087 2376 πράξεων
1106 2293 1153 2356 καί
1177 2297 1231 2354 τῶν
1250 2292 1397 2353 πολιτειῶν
1416 2285 1467 2363 τάς

1004 2425 1185 2492 ἐπισκεψόμεθα
1198 2426 1247 2486 (24)

240 2497 331 2576 ρύσεις
354 2493 442 2558 αὐτῶν
467 2497 514 2559 καί
536 2491 586 2570 τάς
612 2498 746 2571 διαθέσεις
769 2497 838 2580 πρδς
861 2492 997 2578 ἀλλήλας
1023 2493 1236 2578 ἐπισκεψώμεθα
1263 2518 1269 2531 ·
1293 2495 1323 2558 τὸ
1349 2491 1380 2557 δέ
1402 2491 1467 2568 τοὺς
1547 2531 1551 2538 ·

1269 2647 1312 2681 om
1327 2630 1375 2693 (25)

239 2701 343 2782 λύγους
358 2695 544 2778 οἰντεξετάζειν
563 2705 616 2767 καθ’
625 2699 820 2787 ἀποφαίνεσθαι
835 2706 952 2789 πθτερος
965 2705 1049 2783 ήδίων
1068 2704 1086 2785 ἢ
1106 2705 1257 2787 δεινύτερος
1300 2699 1334 2781 ἧν
1381 2697 1465 2763 siniit

240 2831 347 2901 ἐάσομεν
361 2837 418 2898 (24).
432 2835 512 2890 Κάκεῖ
523 2839 571 2900 (26)

179 2991 182 2995 ι
240 2904 375 2984 ἐάσωμεν.
435 2905 523 2987 Κακὴ
559 2908 625 2992 γάρ,
653 2907 697 2983 ῶς·
721 2932 799 2993 φησιν
820 2913 835 2972 θ
855 2904 936 2987 Ἴων,
968 2912 1095 2993 δελρῖνος
1122 2909 1151 2973 ἐν
1173 2912 1267 2994 χέρσῳ
1291 2908 1337 2985 βία
1365 2931 1372 2944 ·
1396 2907 1464 2987 ήνὸ

513 3046 625 3103 Κεκίλιος
639 3045 687 3106 (26)

239 3112 365 3194 περιττὸς
381 3112 410 3175 ἐν
425 3109 508 3176 ἅπασι
528 3116 575 3178 καί
588 3117 680 3191 κίλιος
694 3109 833 3198 ἀγνοήσας
849 3116 1035 3180 ἐνεανιεύσατο
1050 3119 1189 3199 σύγκρισιν
1203 3124 1250 3179 τοῦ
1266 3111 1464 3192 Δημοσθένους

237 3246 339 3308 omiti)

237 3318 326 3398 λόγου
360 3321 407 3382 καί
431 3317 595 3403 Κικέρωνος
614 3320 781 3403 ἑξεν-γκεῖν,
811 3317 911 3386 Ἀλλά
930 3319 984 3406 γάρ
1008 3326 1084 3403 ἴσως,
1107 3320 1130 3386 εί
1148 3319 1302 3400 παντδςήν
1321 3320 1352 3382 τὸ
1372 3317 1464 3384 Γνῶθι

731 3463 1027 3534 έδθκειπρθσταγμα(28)
1222 3467 1377 3531 Δημοσθένην
1413 3465 1461 3528 γὰρ

238 3507 334 3593 σαυτδν
349 3533 447 3614 ἔχειν
435 3536 527 3617 προχε
529 3557 597 3618 ιρον,
610 3533 660 3598 οὐκ
678 3535 711 3597 ἂν
730 3535 776 3599 ἑδέ
777 3560 813 3616 κη
846 3537 876 3600 τὸ
910 3537 1026 3620 πράγμα
1044 3532 1154 3600 θεῖον
1127 3560 1205 3600 ειναι.
1220 3529 1436 3616 Δημοσθένει
1406 3555 1461 3616 γαρ

238 3677 281 3726 καὶ
297 3675 464 3740 Κικέρωνα
442 3697 484 3729 τον
501 3674 575 3730 αὐτὸν
595 3680 659 3731 ἔοικε
676 3676 819 3733 πλάττων
808 3681 852 3734 απ’

238 3740 313 3807 Κικέ
299 3747 390 3828 έρωνα
407 3747 453 3809 τὸν
474 3746 554 3810 αθτου
575 3750 649 3812 έοικε
668 3749 798 3812 πλάττων
818 3749 887 3827 ἐξα
876 3745 883 3765 ’
869 3755 988 3834 αρχήςὸ
1008 3753 1112 3830 δαίμων
1127 3749 1241 3826 πολλάς
1259 3750 1309 3831 μέν
1330 3753 1461 3832 ἑμθαλεῖν

468 3878 550 3946 &QUIN

237 3969 276 4022 εις
251 3945 377 4032 τήν
367 3955 441 4014 σύσιν
465 3951 547 4015 αύτου
571 3958 624 4016 τῶν
637 3957 817 4036 ομοιοτήτων
831 3949 898 4036 (²⁹‚)
923 3954 1015 4041 ῶσπερ
1032 3981 1063 4020 το
1051 3957 1220 4040 φιλότιμον
1234 3983 1281 4022 και
1272 3961 1459 4042 φιλελεύθε-

235 4176 282 4236 ρον
298 4152 327 4216 έν
346 4165 381 4238 τῇ)
400 4158 538 4242 πολιτείᾳ,
561 4159 630 4242 πρὸς
650 4158 681 4223 δέ
694 4163 835 4236 κινδύνους
849 4162 896 4225 καί
915 4165 1058 4241 πολέμους
1071 4165 1207 4243 ἄτολμον,
1229 4161 1327 4227 πολλά
1346 4093 1410 4228 δέΗ
1389 4117 1459 4229 dd:-

273 4311 298 4343 αἱ

234 4294 369 4438 άῖξοιι
326 4383 374 4424 και
391 4365 446 4424 τῶν
465 4386 551 4448 τυχήρ
553 4370 602 4427 ῶν.
626 4362 739 4429 Δύο
709 4389 764 4450 γαρ
749 4369 861 4451 ρὲτέρο
864 4392 894 4443 υς
913 4392 962 4431 ουκ
981 4319 1059 4432 άν
1034 4394 1092 4432 ευ·
1065 4373 1208 4455 ρεθῆναιδ
1210 4377 1267 4434 οκῶ
1288 4377 1371 4456 ῥήτορ
1373 4392 1407 4447 ας
1427 4374 1459 4438 ἐκ

233 4517 284 4598 μεν
299 4513 406 4596 ἀδόξων
420 4525 467 4587 καὶ
481 4530 586 4610 μικρῶν
602 4523 730 4610 ἰσχυρούς
743 4530 790 4592 καὶ
810 4529 956 4610 μεγάλους
973 4535 1189 4613 γενομένους,π
1168 4538 1408 4617 προσκρούσαντας
1426 4535 1457 4598 δὲ

929 4663 1098 4728 άποὸαλθντας
1414 4677 1456 4736 τῆς

232 4726 376 4802 βασιλεῦσι
403 4730 494 4792 καί
486 4754 601 4814 ραννο
597 4756 630 4810 ς,
662 4737 815 4817 θυγατέρας
846 4730 870 4797 δ’
901 4730 1163 4813 άπούαλλόντας,’
1154 4763 1223 4804 εκπε
1224 4743 1374 4818 ούνταςδὲ
1399 4750 1456 4808 τῶν
