<?xml version="1.0" encoding="UTF-8"?>
<!DOCTYPE html PUBLIC "-//W3C//DTD XHTML 1.0 Transitional//EN"
    "http://www.w3.org/TR/xhtml1/DTD/xhtml1-transitional.dtd">
<html xmlns="http://www.w3.org/1999/xhtml" xml:lang="en" lang="en">
 <head>
  <title>
</title>
<meta http-equiv="Content-Type" content="text/html;charset=utf-8" />
  <meta name='ocr-system' content='tesseract 3.04.00' />
  <meta name='ocr-capabilities' content='ocr_page ocr_carea ocr_par ocr_line ocrx_word'/>
</head>
<body>
  <div class='ocr_page' id='page_1' title='image "./deplutarchicodi00graugoog/deplutarchicodi00graugoog_0054.png"; bbox 0 0 3568 5472; ppageno 0'>
   <div class='ocr_carea' id='block_1_1' title="bbox 524 481 1461 546">
    <p class='ocr_par' dir='ltr' id='par_1_1' title="bbox 524 481 1461 546">
     <span class='ocr_line' id='line_1_1' title="bbox 524 481 1461 546; baseline 0.004 -4"><span class='ocrx_word' id='word_1_1' title='bbox 524 497 568 544; x_wconf 86' lang='lat' dir='ltr'><strong>nn</strong></span> <span class='ocrx_word' id='word_1_2' title='bbox 593 494 784 544; x_wconf 75' lang='lat' dir='ltr'><strong>rnurnncnr</strong></span> <span class='ocrx_word' id='word_1_3' title='bbox 807 495 925 545; x_wconf 84' lang='lat' dir='ltr'><strong>comen</strong></span> <span class='ocrx_word' id='word_1_4' title='bbox 949 494 1169 546; x_wconf 72' lang='lat' dir='ltr'><strong>marmunnsr.</strong></span> <span class='ocrx_word' id='word_1_5' title='bbox 1417 481 1461 546; x_wconf 85' lang='lat'><strong>45</strong></span> 
     </span>
    </p>
   </div>
   <div class='ocr_carea' id='block_1_2' title="bbox 175 619 1550 3389">
    <p class='ocr_par' dir='ltr' id='par_1_2' title="bbox 175 619 1550 3389">
     <span class='ocr_line' id='line_1_2' title="bbox 236 619 1518 711; baseline -0.001 -22"><span class='ocrx_word' id='word_1_6' title='bbox 236 643 264 689; x_wconf 84' lang='grc' dir='ltr'><strong>ο.</strong></span> <span class='ocrx_word' id='word_1_7' title='bbox 281 621 410 686; x_wconf 89' lang='lat' dir='ltr'>XXVII</span> <span class='ocrx_word' id='word_1_8' title='bbox 428 620 516 686; x_wconf 76' lang='lat' dir='ltr'><strong>recle</strong></span> <span class='ocrx_word' id='word_1_9' title='bbox 533 621 700 705; x_wconf 83' lang='lat' dir='ltr'><strong>scripserit</strong></span> <span class='ocrx_word' id='word_1_10' title='bbox 722 640 729 685; x_wconf 73' lang='grc' dir='ltr'>τ</span> <span class='ocrx_word' id='word_1_11' title='bbox 758 620 905 706; x_wconf 83' lang='grc' dir='ltr'>Ἐπέμρθη</span> <span class='ocrx_word' id='word_1_12' title='bbox 925 621 956 688; x_wconf 85' lang='grc' dir='ltr'>δέ</span> <span class='ocrx_word' id='word_1_13' title='bbox 974 629 1086 711; x_wconf 78' lang='grc' dir='ltr'>τριήρης</span> <span class='ocrx_word' id='word_1_14' title='bbox 1105 619 1149 686; x_wconf 87' lang='grc' dir='ltr'><strong>ἐπ’</strong></span> <span class='ocrx_word' id='word_1_15' title='bbox 1171 621 1251 687; x_wconf 82' lang='grc' dir='ltr'>αι’ντδν</span> <span class='ocrx_word' id='word_1_16' title='bbox 1270 621 1311 698; x_wconf 89' lang='grc' dir='ltr'>είς</span> <span class='ocrx_word' id='word_1_17' title='bbox 1327 622 1459 708; x_wconf 76' lang='grc' dir='ltr'>Αἴγιναν.</span> <span class='ocrx_word' id='word_1_18' title='bbox 1515 685 1518 695; x_wconf 92' lang='grc'>,</span> 
     </span>
     <span class='ocr_line' id='line_1_3' title="bbox 236 726 1463 828; baseline 0 -32"><span class='ocrx_word' id='word_1_19' title='bbox 236 729 299 796; x_wconf 85' lang='lat' dir='ltr'><strong>Sed</strong></span> <span class='ocrx_word' id='word_1_20' title='bbox 314 731 383 818; x_wconf 85' lang='lat' dir='ltr'><strong>jam</strong></span> <span class='ocrx_word' id='word_1_21' title='bbox 409 729 444 792; x_wconf 92' lang='lat' dir='ltr'><strong>in</strong></span> <span class='ocrx_word' id='word_1_22' title='bbox 466 728 528 793; x_wconf 90' lang='lat' dir='ltr'><strong>hoo</strong></span> <span class='ocrx_word' id='word_1_23' title='bbox 549 728 662 794; x_wconf 66' lang='lat' dir='ltr'><strong>Accio.</strong></span> <span class='ocrx_word' id='word_1_24' title='bbox 681 730 742 795; x_wconf 78' lang='lat' dir='ltr'><strong>rit.</strong></span> <span class='ocrx_word' id='word_1_25' title='bbox 765 728 835 828; x_wconf 88' lang='lat' dir='ltr'><strong>loco</strong></span> <span class='ocrx_word' id='word_1_26' title='bbox 854 727 955 793; x_wconf 84' lang='lat' dir='ltr'>codex</span> <span class='ocrx_word' id='word_1_27' title='bbox 974 726 1069 824; x_wconf 68' lang='lat' dir='ltr'><strong>nqter</strong></span> <span class='ocrx_word' id='word_1_28' title='bbox 1087 726 1289 793; x_wconf 71' lang='lat' dir='ltr'><strong>Matritensis</strong></span> <span class='ocrx_word' id='word_1_29' title='bbox 1309 726 1463 796; x_wconf 84' lang='lat' dir='ltr'><strong>distinete</strong></span> 
     </span>
     <span class='ocr_line' id='line_1_4' title="bbox 237 836 743 923; baseline -0.01 -18"><span class='ocrx_word' id='word_1_30' title='bbox 237 838 280 905; x_wconf 84' lang='grc' dir='ltr'><strong>ἐπ’</strong></span> <span class='ocrx_word' id='word_1_31' title='bbox 299 840 380 922; x_wconf 89' lang='lat' dir='ltr'><strong>(non</strong></span> <span class='ocrx_word' id='word_1_32' title='bbox 395 836 478 923; x_wconf 75' lang='grc' dir='ltr'>πρὸς)</span> <span class='ocrx_word' id='word_1_33' title='bbox 498 839 579 902; x_wconf 72' lang='grc' dir='ltr'>αὐτόν</span> <span class='ocrx_word' id='word_1_34' title='bbox 598 836 743 902; x_wconf 84' lang='lat' dir='ltr'><strong>exhibet.</strong></span> 
     </span>
     <span class='ocr_line' id='line_1_5' title="bbox 218 943 1464 1030; baseline -0.002 -18"><span class='ocrx_word' id='word_1_35' title='bbox 218 954 224 968; x_wconf 85' lang='lat'>&#39;</span> <span class='ocrx_word' id='word_1_36' title='bbox 280 945 361 1012; x_wconf 87' lang='lat' dir='ltr'><strong>Cum</strong></span> <span class='ocrx_word' id='word_1_37' title='bbox 387 963 463 1009; x_wconf 89' lang='lat' dir='ltr'><strong>vero</strong></span> <span class='ocrx_word' id='word_1_38' title='bbox 482 943 669 1029; x_wconf 85' lang='lat' dir='ltr'>nuperrime</span> <span class='ocrx_word' id='word_1_39' title='bbox 694 943 827 1010; x_wconf 86' lang='lat' dir='ltr'><strong>Gabriel</strong></span> <span class='ocrx_word' id='word_1_40' title='bbox 851 943 970 1023; x_wconf 80' lang='lat' dir='ltr'><strong>Cobet,</strong></span> <span class='ocrx_word' id='word_1_41' title='bbox 993 944 1058 1025; x_wconf 82' lang='lat' dir='ltr'><strong>vir,</strong></span> <span class='ocrx_word' id='word_1_42' title='bbox 1084 943 1112 1008; x_wconf 92' lang='lat' dir='ltr'><strong>si</strong></span> <span class='ocrx_word' id='word_1_43' title='bbox 1133 943 1205 1028; x_wconf 90' lang='lat' dir='ltr'><strong>quis</strong></span> <span class='ocrx_word' id='word_1_44' title='bbox 1228 943 1328 1024; x_wconf 86' lang='lat' dir='ltr'><strong>alius,</strong></span> <span class='ocrx_word' id='word_1_45' title='bbox 1349 963 1464 1030; x_wconf 81' lang='lat' dir='ltr'>graece</span> 
     </span>
     <span class='ocr_line' id='line_1_6' title="bbox 237 1047 1550 1137; baseline -0.002 -19"><span class='ocrx_word' id='word_1_46' title='bbox 237 1052 359 1131; x_wconf 87' lang='lat' dir='ltr'><strong>solens,</strong></span> <span class='ocrx_word' id='word_1_47' title='bbox 386 1052 489 1118; x_wconf 84' lang='lat' dir='ltr'><strong>vitam</strong></span> <span class='ocrx_word' id='word_1_48' title='bbox 528 1050 612 1116; x_wconf 81' lang='lat' dir='ltr'><strong>hanc</strong></span> <span class='ocrx_word' id='word_1_49' title='bbox 643 1049 819 1116; x_wconf 84' lang='lat' dir='ltr'><strong>Alcibiadis</strong></span> <span class='ocrx_word' id='word_1_50' title='bbox 851 1050 1086 1116; x_wconf 88' lang='lat' dir='ltr'><strong>Plutareheam</strong></span> <span class='ocrx_word' id='word_1_51' title='bbox 1115 1047 1309 1136; x_wconf 87' lang='lat' dir='ltr'><strong>relegeret¹‚</strong></span> <span class='ocrx_word' id='word_1_52' title='bbox 1336 1052 1464 1137; x_wconf 88' lang='lat' dir='ltr'><strong>saepius</strong></span> <span class='ocrx_word' id='word_1_53' title='bbox 1548 1126 1550 1129; x_wconf 18' lang='lat'>¹</span> 
     </span>
     <span class='ocr_line' id='line_1_7' title="bbox 238 1156 1465 1244; baseline -0.001 -21"><span class='ocrx_word' id='word_1_54' title='bbox 238 1159 369 1243; x_wconf 92' lang='lat' dir='ltr'><strong>quidem</strong></span> <span class='ocrx_word' id='word_1_55' title='bbox 383 1159 435 1224; x_wconf 87' lang='lat' dir='ltr'><strong>vel</strong></span> <span class='ocrx_word' id='word_1_56' title='bbox 450 1160 482 1222; x_wconf 91' lang='lat' dir='ltr'><strong>in</strong></span> <span class='ocrx_word' id='word_1_57' title='bbox 501 1158 579 1223; x_wconf 88' lang='lat' dir='ltr'><strong>locis</strong></span> <span class='ocrx_word' id='word_1_58' title='bbox 599 1158 722 1222; x_wconf 90' lang='lat' dir='ltr'><strong>nemini</strong></span> <span class='ocrx_word' id='word_1_59' title='bbox 741 1157 819 1223; x_wconf 83' lang='lat' dir='ltr'><strong>ante</strong></span> <span class='ocrx_word' id='word_1_60' title='bbox 835 1177 909 1222; x_wconf 94' lang='lat' dir='ltr'><strong>eum</strong></span> <span class='ocrx_word' id='word_1_61' title='bbox 926 1157 1084 1244; x_wconf 81' lang='lat' dir='ltr'><strong>suspectis</strong></span> <span class='ocrx_word' id='word_1_62' title='bbox 1100 1156 1255 1223; x_wconf 89' lang='lat' dir='ltr'><strong>lectiones</strong></span> <span class='ocrx_word' id='word_1_63' title='bbox 1269 1177 1311 1222; x_wconf 84' lang='lat' dir='ltr'><strong>ex</strong></span> <span class='ocrx_word' id='word_1_64' title='bbox 1330 1159 1465 1244; x_wconf 88' lang='lat' dir='ltr'><strong>ingenio</strong></span> 
     </span>
     <span class='ocr_line' id='line_1_8' title="bbox 238 1265 1466 1352; baseline 0.001 -22"><span class='ocrx_word' id='word_1_65' title='bbox 238 1265 351 1332; x_wconf 88' lang='lat' dir='ltr'><strong>hausit</strong></span> <span class='ocrx_word' id='word_1_66' title='bbox 366 1285 446 1349; x_wconf 88' lang='lat' dir='ltr'><strong>quas</strong></span> <span class='ocrx_word' id='word_1_67' title='bbox 461 1265 556 1332; x_wconf 88' lang='lat' dir='ltr'><strong>hodie</strong></span> <span class='ocrx_word' id='word_1_68' title='bbox 573 1265 615 1331; x_wconf 88' lang='lat' dir='ltr'><strong>ad</strong></span> <span class='ocrx_word' id='word_1_69' title='bbox 629 1266 776 1331; x_wconf 82' lang='lat' dir='ltr'><strong>litteram</strong></span> <span class='ocrx_word' id='word_1_70' title='bbox 797 1265 828 1330; x_wconf 95' lang='lat' dir='ltr'><strong>in</strong></span> <span class='ocrx_word' id='word_1_71' title='bbox 845 1266 875 1333; x_wconf 92' lang='lat' dir='ltr'><strong>N</strong></span> <span class='ocrx_word' id='word_1_72' title='bbox 895 1266 1072 1351; x_wconf 82' lang='lat' dir='ltr'><strong>inscriptas</strong></span> <span class='ocrx_word' id='word_1_73' title='bbox 1086 1267 1227 1352; x_wconf 88' lang='lat' dir='ltr'><strong>reperio.</strong></span> <span class='ocrx_word' id='word_1_74' title='bbox 1243 1266 1289 1331; x_wconf 84' lang='lat' dir='ltr'><strong>Ut</strong></span> <span class='ocrx_word' id='word_1_75' title='bbox 1302 1285 1368 1340; x_wconf 90' lang='lat' dir='ltr'><strong>uno</strong></span> <span class='ocrx_word' id='word_1_76' title='bbox 1382 1265 1466 1332; x_wconf 89' lang='lat' dir='ltr'><strong>alte·</strong></span> 
     </span>
     <span class='ocr_line' id='line_1_9' title="bbox 238 1371 1465 1460; baseline 0.002 -23"><span class='ocrx_word' id='word_1_77' title='bbox 238 1393 317 1438; x_wconf 87' lang='lat' dir='ltr'><strong>rove</strong></span> <span class='ocrx_word' id='word_1_78' title='bbox 328 1374 478 1458; x_wconf 86' lang='lat' dir='ltr'><strong>exemplo</strong></span> <span class='ocrx_word' id='word_1_79' title='bbox 492 1375 581 1453; x_wconf 84' lang='lat' dir='ltr'><strong>utar,</strong></span> <span class='ocrx_word' id='word_1_80' title='bbox 598 1373 652 1438; x_wconf 85' lang='lat' dir='ltr'><strong>adi</strong></span> <span class='ocrx_word' id='word_1_81' title='bbox 668 1392 737 1459; x_wconf 79' lang='lat' dir='ltr'><strong>cap.</strong></span> <span class='ocrx_word' id='word_1_82' title='bbox 755 1373 869 1438; x_wconf 87' lang='lat' dir='ltr'>XXII:</span> <span class='ocrx_word' id='word_1_83' title='bbox 885 1371 1015 1459; x_wconf 88' lang='grc' dir='ltr'>Ἔχοντα</span> <span class='ocrx_word' id='word_1_84' title='bbox 1031 1376 1134 1458; x_wconf 79' lang='grc' dir='ltr'>στολὴν</span> <span class='ocrx_word' id='word_1_85' title='bbox 1150 1376 1261 1460; x_wconf 88' lang='grc' dir='ltr'>οίανπερ</span> <span class='ocrx_word' id='word_1_86' title='bbox 1277 1379 1291 1438; x_wconf 82' lang='grc' dir='ltr'>δ</span> <span class='ocrx_word' id='word_1_87' title='bbox 1307 1376 1465 1460; x_wconf 81' lang='grc' dir='ltr'>ίερορσίντης</span> 
     </span>
     <span class='ocr_line' id='line_1_10' title="bbox 238 1480 1465 1566; baseline -0.002 -20"><span class='ocrx_word' id='word_1_88' title='bbox 238 1481 308 1565; x_wconf 90' lang='lat' dir='ltr'><strong>(ubi</strong></span> <span class='ocrx_word' id='word_1_89' title='bbox 337 1480 512 1546; x_wconf 87' lang='lat' dir='ltr'><strong>articulum</strong></span> <span class='ocrx_word' id='word_1_90' title='bbox 537 1480 734 1546; x_wconf 87' lang='lat' dir='ltr'><strong>addiderunt</strong></span> <span class='ocrx_word' id='word_1_91' title='bbox 756 1480 858 1548; x_wconf 85' lang='lat' dir='ltr'><strong>Cobet</strong></span> <span class='ocrx_word' id='word_1_92' title='bbox 881 1482 915 1546; x_wconf 90' lang='lat' dir='ltr'><strong>et</strong></span> <span class='ocrx_word' id='word_1_93' title='bbox 939 1481 984 1564; x_wconf 93' lang='lat' dir='ltr'><strong>N)</strong></span> <span class='ocrx_word' id='word_1_94' title='bbox 1009 1487 1082 1566; x_wconf 76' lang='grc' dir='ltr'>ἔχων</span> <span class='ocrx_word' id='word_1_95' title='bbox 1102 1487 1219 1559; x_wconf 76' lang='grc' dir='ltr'><strong>δεικνύει</strong></span> <span class='ocrx_word' id='word_1_96' title='bbox 1238 1481 1370 1565; x_wconf 90' lang='lat' dir='ltr'><strong>(melius</strong></span> <span class='ocrx_word' id='word_1_97' title='bbox 1390 1499 1465 1545; x_wconf 89' lang='lat' dir='ltr'><strong>eum</strong></span> 
     </span>
     <span class='ocr_line' id='line_1_11' title="bbox 237 1586 1465 1674; baseline -0.001 -20"><span class='ocrx_word' id='word_1_98' title='bbox 237 1586 337 1654; x_wconf 80' lang='lat' dir='ltr'><strong>Cobet</strong></span> <span class='ocrx_word' id='word_1_99' title='bbox 355 1593 471 1654; x_wconf 86' lang='grc' dir='ltr'>δείκνυσι</span> <span class='ocrx_word' id='word_1_100' title='bbox 489 1587 604 1670; x_wconf 85' lang='lat' dir='ltr'><strong>scrib.)</strong></span> <span class='ocrx_word' id='word_1_101' title='bbox 623 1588 658 1654; x_wconf 81' lang='grc' dir='ltr'><strong>τδι</strong></span> <span class='ocrx_word' id='word_1_102' title='bbox 678 1591 749 1674; x_wconf 83' lang='grc' dir='ltr'>ἱεροί.</span> <span class='ocrx_word' id='word_1_103' title='bbox 768 1623 813 1636; x_wconf 92' lang='grc'>-</span> <span class='ocrx_word' id='word_1_104' title='bbox 831 1589 909 1674; x_wconf 82' lang='lat' dir='ltr'><strong>Cap.</strong></span> <span class='ocrx_word' id='word_1_105' title='bbox 930 1588 1046 1653; x_wconf 89' lang='lat' dir='ltr'>XXIX</span> <span class='ocrx_word' id='word_1_106' title='bbox 1065 1609 1092 1653; x_wconf 72' lang='grc' dir='ltr'>υ.</span> <span class='ocrx_word' id='word_1_107' title='bbox 1115 1586 1172 1653; x_wconf 90' lang='lat' dir='ltr'><strong>fin.</strong></span> <span class='ocrx_word' id='word_1_108' title='bbox 1193 1609 1200 1653; x_wconf 89' lang='lat'>:</span> <span class='ocrx_word' id='word_1_109' title='bbox 1229 1587 1369 1665; x_wconf 76' lang='grc' dir='ltr'>Ἀκούσας</span> <span class='ocrx_word' id='word_1_110' title='bbox 1384 1587 1407 1654; x_wconf 86' lang='grc' dir='ltr'><strong>δ’</strong></span> <span class='ocrx_word' id='word_1_111' title='bbox 1424 1590 1465 1654; x_wconf 79' lang='grc' dir='ltr'>’ότι</span> 
     </span>
     <span class='ocr_line' id='line_1_12' title="bbox 236 1694 1490 1781; baseline 0 -22"><span class='ocrx_word' id='word_1_112' title='bbox 236 1697 286 1778; x_wconf 79' lang='grc' dir='ltr'><strong>τὴν</strong></span> <span class='ocrx_word' id='word_1_113' title='bbox 308 1699 388 1760; x_wconf 89' lang='grc' dir='ltr'>λείαν</span> <span class='ocrx_word' id='word_1_114' title='bbox 411 1705 501 1761; x_wconf 83' lang='grc' dir='ltr'>πᾶσαν</span> <span class='ocrx_word' id='word_1_115' title='bbox 524 1698 557 1760; x_wconf 82' lang='grc' dir='ltr'><strong>ἐκ</strong></span> <span class='ocrx_word' id='word_1_116' title='bbox 577 1710 628 1776; x_wconf 73' lang='grc' dir='ltr'>τῆς</span> <span class='ocrx_word' id='word_1_117' title='bbox 646 1694 743 1781; x_wconf 85' lang='grc' dir='ltr'>χώρας</span> <span class='ocrx_word' id='word_1_118' title='bbox 761 1702 964 1780; x_wconf 75' lang='grc' dir='ltr'>συναγαγόντες</span> <span class='ocrx_word' id='word_1_119' title='bbox 985 1697 1024 1772; x_wconf 87' lang='grc' dir='ltr'>είς</span> <span class='ocrx_word' id='word_1_120' title='bbox 1039 1697 1173 1773; x_wconf 71' lang='grc' dir='ltr'>Βιθυνοὺς</span> <span class='ocrx_word' id='word_1_121' title='bbox 1196 1701 1382 1762; x_wconf 79' lang='grc' dir='ltr'>ὑπεκτίθενται</span> <span class='ocrx_word' id='word_1_122' title='bbox 1406 1695 1490 1779; x_wconf 80' lang='lat' dir='ltr'><strong>(sie¹</strong></span> 
     </span>
     <span class='ocr_line' id='line_1_13' title="bbox 237 1800 1467 1889; baseline 0.001 -22"><span class='ocrx_word' id='word_1_123' title='bbox 237 1800 315 1868; x_wconf 85' lang='lat' dir='ltr'><strong>Cob.</strong></span> <span class='ocrx_word' id='word_1_124' title='bbox 338 1800 418 1866; x_wconf 84' lang='lat' dir='ltr'><strong>etN</strong></span> <span class='ocrx_word' id='word_1_125' title='bbox 440 1820 447 1864; x_wconf 72' lang='grc' dir='ltr'>ε</span> <span class='ocrx_word' id='word_1_126' title='bbox 470 1800 561 1885; x_wconf 83' lang='lat' dir='ltr'><strong>vulg.</strong></span> <span class='ocrx_word' id='word_1_127' title='bbox 584 1803 746 1883; x_wconf 86' lang='grc' dir='ltr'>ἐκτίθενται)</span> <span class='ocrx_word' id='word_1_128' title='bbox 766 1807 861 1887; x_wconf 81' lang='grc' dir='ltr'>φίλους</span> <span class='ocrx_word' id='word_1_129' title='bbox 881 1807 961 1879; x_wconf 73' lang='grc' dir='ltr'>ὄντας</span> <span class='ocrx_word' id='word_1_130' title='bbox 979 1802 1047 1884; x_wconf 85' lang='grc' dir='ltr'>ἧκεν</span> <span class='ocrx_word' id='word_1_131' title='bbox 1072 1806 1117 1870; x_wconf 82' lang='grc' dir='ltr'><strong>ἐπί</strong></span> <span class='ocrx_word' id='word_1_132' title='bbox 1141 1805 1205 1880; x_wconf 83' lang='grc' dir='ltr'>τοὺς</span> <span class='ocrx_word' id='word_1_133' title='bbox 1229 1805 1311 1889; x_wconf 80' lang='grc' dir='ltr'>θρους</span> <span class='ocrx_word' id='word_1_134' title='bbox 1332 1808 1399 1868; x_wconf 85' lang='grc' dir='ltr'>κτλ.</span> <span class='ocrx_word' id='word_1_135' title='bbox 1420 1837 1467 1851; x_wconf 91' lang='grc'>-</span> 
     </span>
     <span class='ocr_line' id='line_1_14' title="bbox 238 1906 1466 1995; baseline 0.001 -22"><span class='ocrx_word' id='word_1_136' title='bbox 238 1908 315 1993; x_wconf 83' lang='lat' dir='ltr'><strong>Cap.</strong></span> <span class='ocrx_word' id='word_1_137' title='bbox 327 1908 452 1972; x_wconf 90' lang='lat' dir='ltr'>XXXII</span> <span class='ocrx_word' id='word_1_138' title='bbox 466 1928 492 1973; x_wconf 83' lang='lat' dir='ltr'><strong>s.</strong></span> <span class='ocrx_word' id='word_1_139' title='bbox 507 1906 564 1971; x_wconf 85' lang='lat' dir='ltr'><strong>fin.</strong></span> <span class='ocrx_word' id='word_1_140' title='bbox 586 1928 593 1972; x_wconf 89' lang='lat'>:</span> <span class='ocrx_word' id='word_1_141' title='bbox 609 1910 669 1993; x_wconf 76' lang='grc' dir='ltr'><strong>Τὴν</strong></span> <span class='ocrx_word' id='word_1_142' title='bbox 684 1915 766 1974; x_wconf 71' lang='grc' dir='ltr'>πόλιν</span> <span class='ocrx_word' id='word_1_143' title='bbox 776 1906 947 1995; x_wconf 76' lang='grc' dir='ltr'>παραλαθὼν</span> <span class='ocrx_word' id='word_1_144' title='bbox 959 1912 1055 1994; x_wconf 78' lang='grc' dir='ltr'>ὀλίγου</span> <span class='ocrx_word' id='word_1_145' title='bbox 1072 1915 1186 1976; x_wconf 85' lang='grc' dir='ltr'>δέουσαν</span> <span class='ocrx_word' id='word_1_146' title='bbox 1199 1913 1406 1976; x_wconf 81' lang='grc' dir='ltr'>ἐκπεπτωκέναι</span> <span class='ocrx_word' id='word_1_147' title='bbox 1416 1921 1466 1992; x_wconf 73' lang='grc' dir='ltr'>τῆς</span> 
     </span>
     <span class='ocr_line' id='line_1_15' title="bbox 221 2015 1472 2104; baseline 0.001 -24"><span class='ocrx_word' id='word_1_148' title='bbox 221 2019 397 2098; x_wconf 81' lang='grc' dir='ltr'>θαλάττης,</span> <span class='ocrx_word' id='word_1_149' title='bbox 406 2015 478 2081; x_wconf 71' lang='grc' dir='ltr'>κατὰ</span> <span class='ocrx_word' id='word_1_150' title='bbox 491 2030 544 2100; x_wconf 74' lang='grc' dir='ltr'><strong>γῆν</strong></span> <span class='ocrx_word' id='word_1_151' title='bbox 559 2018 590 2082; x_wconf 87' lang='grc' dir='ltr'><strong>δέ</strong></span> <span class='ocrx_word' id='word_1_152' title='bbox 607 2022 689 2098; x_wconf 75' lang='grc' dir='ltr'>μέλις</span> <span class='ocrx_word' id='word_1_153' title='bbox 700 2024 754 2081; x_wconf 89' lang='grc' dir='ltr'><strong>τῶν</strong></span> <span class='ocrx_word' id='word_1_154' title='bbox 769 2021 940 2102; x_wconf 74' lang='grc' dir='ltr'>προαστείων</span> <span class='ocrx_word' id='word_1_155' title='bbox 954 2031 1119 2104; x_wconf 77' lang='grc' dir='ltr'>κρατοῦσαν,</span> <span class='ocrx_word' id='word_1_156' title='bbox 1138 2019 1222 2101; x_wconf 70' lang='grc' dir='ltr'>αὐτὴν</span> <span class='ocrx_word' id='word_1_157' title='bbox 1237 2019 1267 2083; x_wconf 83' lang='grc' dir='ltr'><strong>δέ</strong></span> <span class='ocrx_word' id='word_1_158' title='bbox 1283 2019 1353 2103; x_wconf 76' lang='grc' dir='ltr'>πρὸς</span> <span class='ocrx_word' id='word_1_159' title='bbox 1367 2018 1472 2100; x_wconf 77' lang='grc' dir='ltr'>ἑαυτὴν</span> 
     </span>
     <span class='ocr_line' id='line_1_16' title="bbox 238 2122 1467 2210; baseline 0.002 -22"><span class='ocrx_word' id='word_1_160' title='bbox 238 2125 444 2205; x_wconf 77' lang='grc' dir='ltr'>στασιάζουσαν,</span> <span class='ocrx_word' id='word_1_161' title='bbox 463 2126 496 2188; x_wconf 83' lang='grc' dir='ltr'><strong>ἐκ</strong></span> <span class='ocrx_word' id='word_1_162' title='bbox 509 2128 623 2210; x_wconf 83' lang='grc' dir='ltr'>λυπρῶν</span> <span class='ocrx_word' id='word_1_163' title='bbox 639 2129 677 2188; x_wconf 83' lang='grc' dir='ltr'><strong>ἐτι</strong></span> <span class='ocrx_word' id='word_1_164' title='bbox 691 2126 830 2208; x_wconf 71' lang='grc' dir='ltr'>λειψάνων</span> <span class='ocrx_word' id='word_1_165' title='bbox 846 2128 895 2190; x_wconf 84' lang='grc' dir='ltr'>καί</span> <span class='ocrx_word' id='word_1_166' title='bbox 908 2133 1042 2190; x_wconf 85' lang='grc' dir='ltr'>ταπεινῶν</span> <span class='ocrx_word' id='word_1_167' title='bbox 1058 2122 1214 2208; x_wconf 75' lang='grc' dir='ltr'>ἀναστήσας</span> <span class='ocrx_word' id='word_1_168' title='bbox 1228 2127 1257 2190; x_wconf 86' lang='grc' dir='ltr'>σθ</span> <span class='ocrx_word' id='word_1_169' title='bbox 1273 2130 1356 2206; x_wconf 76' lang='grc' dir='ltr'>μόνον</span> <span class='ocrx_word' id='word_1_170' title='bbox 1369 2151 1403 2209; x_wconf 83' lang='grc' dir='ltr'>γε</span> <span class='ocrx_word' id='word_1_171' title='bbox 1417 2139 1467 2207; x_wconf 80' lang='grc' dir='ltr'><strong>τῆς</strong></span> 
     </span>
     <span class='ocr_line' id='line_1_17' title="bbox 239 2228 1467 2326; baseline -0.001 -30"><span class='ocrx_word' id='word_1_172' title='bbox 239 2231 378 2312; x_wconf 81' lang='grc' dir='ltr'>θαλάττης</span> <span class='ocrx_word' id='word_1_173' title='bbox 394 2232 425 2295; x_wconf 86' lang='grc' dir='ltr'><strong>τδ</strong></span> <span class='ocrx_word' id='word_1_174' title='bbox 440 2232 542 2317; x_wconf 86' lang='grc' dir='ltr'>κροίτος</span> <span class='ocrx_word' id='word_1_175' title='bbox 554 2228 731 2297; x_wconf 78' lang='grc' dir='ltr'>ἀποδέδωκεν</span> <span class='ocrx_word' id='word_1_176' title='bbox 746 2231 869 2326; x_wconf 78' lang='lat' dir='ltr'><strong>(miuus</strong></span> <span class='ocrx_word' id='word_1_177' title='bbox 883 2230 964 2296; x_wconf 88' lang='lat' dir='ltr'><strong>bene</strong></span> <span class='ocrx_word' id='word_1_178' title='bbox 979 2231 1093 2297; x_wconf 81' lang='lat' dir='ltr'><strong>exstat</strong></span> <span class='ocrx_word' id='word_1_179' title='bbox 1107 2232 1141 2296; x_wconf 90' lang='lat' dir='ltr'><strong>in</strong></span> <span class='ocrx_word' id='word_1_180' title='bbox 1158 2231 1187 2300; x_wconf 91' lang='lat' dir='ltr'><strong>N</strong></span> <span class='ocrx_word' id='word_1_181' title='bbox 1201 2229 1370 2314; x_wconf 80' lang='grc' dir='ltr'>ἀπέδωκεν),</span> <span class='ocrx_word' id='word_1_182' title='bbox 1388 2228 1467 2297; x_wconf 80' lang='grc' dir='ltr'>ἀλλὰ</span> 
     </span>
     <span class='ocr_line' id='line_1_18' title="bbox 237 2335 1467 2424; baseline 0 -22"><span class='ocrx_word' id='word_1_183' title='bbox 237 2341 285 2404; x_wconf 81' lang='grc' dir='ltr'>καί</span> <span class='ocrx_word' id='word_1_184' title='bbox 303 2344 372 2424; x_wconf 82' lang='grc' dir='ltr'>πεζῇ</span> <span class='ocrx_word' id='word_1_185' title='bbox 391 2347 508 2404; x_wconf 87' lang='grc' dir='ltr'>νικῶσαν</span> <span class='ocrx_word' id='word_1_186' title='bbox 528 2335 702 2404; x_wconf 79' lang='grc' dir='ltr'>ἀποδείκνυσι</span> <span class='ocrx_word' id='word_1_187' title='bbox 720 2352 862 2424; x_wconf 78' lang='grc' dir='ltr'>πανταχοῦ</span> <span class='ocrx_word' id='word_1_188' title='bbox 881 2340 945 2417; x_wconf 77' lang='grc' dir='ltr'>τοὺς</span> <span class='ocrx_word' id='word_1_189' title='bbox 959 2345 1122 2422; x_wconf 89' lang='grc' dir='ltr'>πολεμίους.</span> <span class='ocrx_word' id='word_1_190' title='bbox 1142 2361 1160 2403; x_wconf 76' lang='grc' dir='ltr'><strong>τι</strong></span> <span class='ocrx_word' id='word_1_191' title='bbox 1180 2338 1296 2405; x_wconf 84' lang='lat' dir='ltr'><strong>Potuit</strong></span> <span class='ocrx_word' id='word_1_192' title='bbox 1315 2338 1467 2404; x_wconf 85' lang='lat' dir='ltr'><strong>insanius</strong></span> 
     </span>
     <span class='ocr_line' id='line_1_19' title="bbox 237 2443 1466 2531; baseline 0.001 -23"><span class='ocrx_word' id='word_1_193' title='bbox 237 2463 336 2527; x_wconf 88' lang='lat' dir='ltr'><strong>quam</strong></span> <span class='ocrx_word' id='word_1_194' title='bbox 352 2443 386 2507; x_wconf 93' lang='lat' dir='ltr'><strong>h.</strong></span> <span class='ocrx_word' id='word_1_195' title='bbox 405 2443 428 2508; x_wconf 93' lang='lat' dir='ltr'><strong>l.</strong></span> <span class='ocrx_word' id='word_1_196' title='bbox 444 2472 479 2529; x_wconf 81' lang='grc' dir='ltr'>γε</span> <span class='ocrx_word' id='word_1_197' title='bbox 498 2445 681 2530; x_wconf 74' lang='lat' dir='ltr'><strong>interponi?</strong></span> <span class='ocrx_word' id='word_1_198' title='bbox 700 2467 718 2509; x_wconf 84' lang='grc' dir='ltr'>ν</span> <span class='ocrx_word' id='word_1_199' title='bbox 740 2445 902 2510; x_wconf 82' lang='lat' dir='ltr'><strong>exclamat</strong></span> <span class='ocrx_word' id='word_1_200' title='bbox 922 2444 1034 2512; x_wconf 86' lang='lat' dir='ltr'><strong>Cobet.</strong></span> <span class='ocrx_word' id='word_1_201' title='bbox 1053 2446 1165 2531; x_wconf 92' lang='lat' dir='ltr'><strong>Neque</strong></span> <span class='ocrx_word' id='word_1_202' title='bbox 1183 2465 1302 2512; x_wconf 89' lang='lat' dir='ltr'><strong>revera</strong></span> <span class='ocrx_word' id='word_1_203' title='bbox 1320 2446 1466 2530; x_wconf 89' lang='lat' dir='ltr'><strong>interpo-</strong></span> 
     </span>
     <span class='ocr_line' id='line_1_20' title="bbox 238 2551 1466 2638; baseline 0.002 -24"><span class='ocrx_word' id='word_1_204' title='bbox 238 2551 330 2615; x_wconf 85' lang='lat' dir='ltr'><strong>nitur</strong></span> <span class='ocrx_word' id='word_1_205' title='bbox 345 2552 378 2615; x_wconf 86' lang='lat' dir='ltr'><strong>ln</strong></span> <span class='ocrx_word' id='word_1_206' title='bbox 390 2551 499 2617; x_wconf 83' lang='lat' dir='ltr'><strong>codiee</strong></span> <span class='ocrx_word' id='word_1_207' title='bbox 513 2552 627 2618; x_wconf 75' lang='lat' dir='ltr'><strong>nostro</strong></span> <span class='ocrx_word' id='word_1_208' title='bbox 642 2553 684 2620; x_wconf 90' lang='lat' dir='ltr'><strong>N.</strong></span> <span class='ocrx_word' id='word_1_209' title='bbox 701 2587 747 2601; x_wconf 92' lang='lat'>-</span> <span class='ocrx_word' id='word_1_210' title='bbox 764 2554 843 2638; x_wconf 83' lang='lat' dir='ltr'><strong>Cap.</strong></span> <span class='ocrx_word' id='word_1_211' title='bbox 859 2553 990 2618; x_wconf 89' lang='lat' dir='ltr'>XXXV</span> <span class='ocrx_word' id='word_1_212' title='bbox 1012 2573 1019 2618; x_wconf 72' lang='grc' dir='ltr'>ζ</span> <span class='ocrx_word' id='word_1_213' title='bbox 1044 2552 1226 2632; x_wconf 76' lang='grc' dir='ltr'>Ἐκπλείσας</span> <span class='ocrx_word' id='word_1_214' title='bbox 1245 2556 1276 2620; x_wconf 83' lang='grc' dir='ltr'><strong>δέ</strong></span> <span class='ocrx_word' id='word_1_215' title='bbox 1291 2566 1352 2630; x_wconf 80' lang='grc' dir='ltr'>ταῖς</span> <span class='ocrx_word' id='word_1_216' title='bbox 1366 2555 1466 2619; x_wconf 79' lang='grc' dir='ltr'>ἑκατὸν</span> 
     </span>
     <span class='ocr_line' id='line_1_21' title="bbox 237 2646 1466 2749; baseline 0 -25"><span class='ocrx_word' id='word_1_217' title='bbox 237 2662 313 2724; x_wconf 85' lang='grc' dir='ltr'>ναυσί</span> <span class='ocrx_word' id='word_1_218' title='bbox 331 2662 379 2724; x_wconf 83' lang='grc' dir='ltr'>καί</span> <span class='ocrx_word' id='word_1_219' title='bbox 397 2646 561 2746; x_wconf 72' lang='grc' dir='ltr'>προσθαλῶν</span> <span class='ocrx_word' id='word_1_220' title='bbox 581 2657 708 2746; x_wconf 77' lang='grc' dir='ltr'>Ἄνδρῳ,</span> <span class='ocrx_word' id='word_1_221' title='bbox 726 2663 805 2749; x_wconf 71' lang='grc' dir='ltr'>μάχη</span> <span class='ocrx_word' id='word_1_222' title='bbox 821 2663 870 2744; x_wconf 80' lang='grc' dir='ltr'><strong>μέν</strong></span> <span class='ocrx_word' id='word_1_223' title='bbox 889 2663 1038 2747; x_wconf 75' lang='grc' dir='ltr'>ἐκράτησεν</span> <span class='ocrx_word' id='word_1_224' title='bbox 1058 2663 1146 2728; x_wconf 77' lang='grc' dir='ltr'>αὐτῶν</span> <span class='ocrx_word' id='word_1_225' title='bbox 1165 2666 1212 2728; x_wconf 86' lang='grc' dir='ltr'>καί</span> <span class='ocrx_word' id='word_1_226' title='bbox 1232 2661 1466 2741; x_wconf 77' lang='grc' dir='ltr'>Λακεδαιμονίων</span> 
     </span>
     <span class='ocr_line' id='line_1_22' title="bbox 237 2759 1465 2852; baseline -0.001 -21"><span class='ocrx_word' id='word_1_227' title='bbox 237 2767 296 2832; x_wconf 81' lang='grc' dir='ltr'>’σ’σσι</span> <span class='ocrx_word' id='word_1_228' title='bbox 314 2781 451 2852; x_wconf 77' lang='grc' dir='ltr'>παρῆσαν,</span> <span class='ocrx_word' id='word_1_229' title='bbox 478 2769 530 2852; x_wconf 72' lang='grc' dir='ltr'><strong>οὔχ</strong></span> <span class='ocrx_word' id='word_1_230' title='bbox 549 2763 610 2832; x_wconf 84' lang='grc' dir='ltr'>εἷλε</span> <span class='ocrx_word' id='word_1_231' title='bbox 629 2769 659 2832; x_wconf 83' lang='grc' dir='ltr'><strong>δέ</strong></span> <span class='ocrx_word' id='word_1_232' title='bbox 682 2769 730 2850; x_wconf 70' lang='grc' dir='ltr'><strong>τὴν</strong></span> <span class='ocrx_word' id='word_1_233' title='bbox 754 2759 848 2848; x_wconf 73' lang='grc' dir='ltr'>πέλεν,</span> <span class='ocrx_word' id='word_1_234' title='bbox 875 2766 955 2834; x_wconf 72' lang='grc' dir='ltr'>ἀλλὰ</span> <span class='ocrx_word' id='word_1_235' title='bbox 975 2779 1054 2834; x_wconf 76' lang='grc' dir='ltr'>τοῦτο</span> <span class='ocrx_word' id='word_1_236' title='bbox 1075 2776 1129 2834; x_wconf 89' lang='grc' dir='ltr'><strong>τῶν</strong></span> <span class='ocrx_word' id='word_1_237' title='bbox 1152 2777 1251 2834; x_wconf 82' lang='grc' dir='ltr'>κοινῶν</span> <span class='ocrx_word' id='word_1_238' title='bbox 1276 2769 1465 2850; x_wconf 78' lang='grc' dir='ltr'>ἐγκλημάτων</span> 
     </span>
     <span class='ocr_line' id='line_1_23' title="bbox 238 2872 1466 2961; baseline -0.002 -22"><span class='ocrx_word' id='word_1_239' title='bbox 238 2882 345 2960; x_wconf 87' lang='grc' dir='ltr'>πρῶτον</span> <span class='ocrx_word' id='word_1_240' title='bbox 360 2873 464 2959; x_wconf 71' lang='grc' dir='ltr'>ὑπῆρξε</span> <span class='ocrx_word' id='word_1_241' title='bbox 477 2872 538 2938; x_wconf 79' lang='grc' dir='ltr'>κατ’</span> <span class='ocrx_word' id='word_1_242' title='bbox 555 2873 637 2939; x_wconf 79' lang='grc' dir='ltr'>αθτοϋ</span> <span class='ocrx_word' id='word_1_243' title='bbox 651 2887 708 2951; x_wconf 83' lang='grc' dir='ltr'>τοῖς</span> <span class='ocrx_word' id='word_1_244' title='bbox 723 2875 843 2961; x_wconf 81' lang='grc' dir='ltr'>ἐχθροῖς.</span> <span class='ocrx_word' id='word_1_245' title='bbox 861 2875 927 2939; x_wconf 90' lang='lat' dir='ltr'><strong>Pro</strong></span> <span class='ocrx_word' id='word_1_246' title='bbox 941 2883 1051 2956; x_wconf 83' lang='grc' dir='ltr'>κοινῶν,</span> <span class='ocrx_word' id='word_1_247' title='bbox 1068 2873 1099 2939; x_wconf 87' lang='grc' dir='ltr'>Ν</span> <span class='ocrx_word' id='word_1_248' title='bbox 1113 2873 1214 2941; x_wconf 78' lang='lat' dir='ltr'><strong>habet</strong></span> <span class='ocrx_word' id='word_1_249' title='bbox 1227 2882 1340 2940; x_wconf 85' lang='grc' dir='ltr'>καινῶν.</span> <span class='ocrx_word' id='word_1_250' title='bbox 1358 2873 1466 2948; x_wconf 86' lang='lat' dir='ltr'><strong>Quam</strong></span> 
     </span>
     <span class='ocr_line' id='line_1_24' title="bbox 239 2979 1467 3074; baseline -0.001 -29"><span class='ocrx_word' id='word_1_251' title='bbox 239 2981 437 3074; x_wconf 79' lang='lat' dir='ltr'><strong>scripturam</strong></span> <span class='ocrx_word' id='word_1_252' title='bbox 452 3000 526 3045; x_wconf 92' lang='lat' dir='ltr'><strong>cum</strong></span> <span class='ocrx_word' id='word_1_253' title='bbox 537 2982 607 3068; x_wconf 86' lang='lat' dir='ltr'><strong>jam</strong></span> <span class='ocrx_word' id='word_1_254' title='bbox 620 2981 701 3045; x_wconf 89' lang='lat' dir='ltr'><strong>mihi</strong></span> <span class='ocrx_word' id='word_1_255' title='bbox 714 2981 747 3044; x_wconf 92' lang='lat' dir='ltr'><strong>in</strong></span> <span class='ocrx_word' id='word_1_256' title='bbox 761 2981 872 3046; x_wconf 87' lang='lat' dir='ltr'><strong>animo</strong></span> <span class='ocrx_word' id='word_1_257' title='bbox 886 2981 971 3046; x_wconf 90' lang='lat' dir='ltr'><strong>esset</strong></span> <span class='ocrx_word' id='word_1_258' title='bbox 985 2981 1230 3060; x_wconf 88' lang='lat' dir='ltr'><strong>commendare,</strong></span> <span class='ocrx_word' id='word_1_259' title='bbox 1252 2979 1467 3046; x_wconf 86' lang='lat' dir='ltr'><strong>libentissime</strong></span> 
     </span>
     <span class='ocr_line' id='line_1_25' title="bbox 239 3085 1464 3174; baseline 0 -23"><span class='ocrx_word' id='word_1_260' title='bbox 239 3086 304 3174; x_wconf 84' lang='lat' dir='ltr'><strong>legi</strong></span> <span class='ocrx_word' id='word_1_261' title='bbox 326 3087 405 3152; x_wconf 86' lang='lat' dir='ltr'><strong>haec</strong></span> <span class='ocrx_word' id='word_1_262' title='bbox 423 3086 600 3152; x_wconf 87' lang='lat' dir='ltr'><strong>Cobetiana</strong></span> <span class='ocrx_word' id='word_1_263' title='bbox 619 3085 722 3153; x_wconf 86' lang='lat' dir='ltr'><strong>verba</strong></span> <span class='ocrx_word' id='word_1_264' title='bbox 742 3085 944 3169; x_wconf 59' lang='grc' dir='ltr'>(Μονουνίου,</span> <span class='ocrx_word' id='word_1_265' title='bbox 969 3088 991 3152; x_wconf 87' lang='grc' dir='ltr'><strong>ί.</strong></span> <span class='ocrx_word' id='word_1_266' title='bbox 1011 3087 1049 3168; x_wconf 78' lang='grc' dir='ltr'><strong>ί,</strong></span> <span class='ocrx_word' id='word_1_267' title='bbox 1072 3107 1104 3172; x_wconf 91' lang='lat' dir='ltr'><strong>p.</strong></span> <span class='ocrx_word' id='word_1_268' title='bbox 1128 3087 1205 3170; x_wconf 86' lang='lat'>172)</span> <span class='ocrx_word' id='word_1_269' title='bbox 1224 3107 1231 3152; x_wconf 92' lang='lat'><strong>:</strong></span> <span class='ocrx_word' id='word_1_270' title='bbox 1252 3107 1271 3152; x_wconf 83' lang='grc' dir='ltr'><strong>ιι</strong></span> <span class='ocrx_word' id='word_1_271' title='bbox 1291 3086 1433 3153; x_wconf 87' lang='lat' dir='ltr'><strong>Sintenis</strong></span> <span class='ocrx_word' id='word_1_272' title='bbox 1456 3105 1464 3151; x_wconf 75' lang='grc' dir='ltr'>ε</span> 
     </span>
     <span class='ocr_line' id='line_1_26' title="bbox 241 3191 1469 3280; baseline 0 -20"><span class='ocrx_word' id='word_1_273' title='bbox 241 3197 333 3272; x_wconf 54' lang='grc' dir='ltr'>ἲίΤῶν</span> <span class='ocrx_word' id='word_1_274' title='bbox 354 3203 455 3261; x_wconf 80' lang='grc' dir='ltr'>καινῶν</span> <span class='ocrx_word' id='word_1_275' title='bbox 479 3211 647 3280; x_wconf 93' lang='lat' dir='ltr'><strong>perperam</strong></span> <span class='ocrx_word' id='word_1_276' title='bbox 667 3193 799 3277; x_wconf 83' lang='lat' dir='ltr'><strong>quidam</strong></span> <span class='ocrx_word' id='word_1_277' title='bbox 821 3191 852 3258; x_wconf 88' lang='grc'><strong>”.</strong></span> <span class='ocrx_word' id='word_1_278' title='bbox 882 3192 916 3258; x_wconf 90' lang='lat' dir='ltr'><strong>Si</strong></span> <span class='ocrx_word' id='word_1_279' title='bbox 935 3214 995 3280; x_wconf 91' lang='lat' dir='ltr'><strong>pro</strong></span> <span class='ocrx_word' id='word_1_280' title='bbox 1011 3212 1212 3278; x_wconf 78' lang='lat' dir='ltr'><strong>perperam</strong></span> <span class='ocrx_word' id='word_1_281' title='bbox 1232 3193 1370 3259; x_wconf 84' lang='lat' dir='ltr'><strong>dixisset</strong></span> <span class='ocrx_word' id='word_1_282' title='bbox 1391 3214 1469 3261; x_wconf 83' lang='lat' dir='ltr'><strong>rec-</strong></span> 
     </span>
     <span class='ocr_line' id='line_1_27' title="bbox 175 3299 1467 3389; baseline 0 -22"><span class='ocrx_word' id='word_1_283' title='bbox 175 3385 177 3389; x_wconf 23' lang='lat'>·</span> <span class='ocrx_word' id='word_1_284' title='bbox 239 3304 378 3368; x_wconf 74' lang='lat' dir='ltr'><strong>tissime</strong></span> <span class='ocrx_word' id='word_1_285' title='bbox 394 3301 510 3366; x_wconf 91' lang='lat' dir='ltr'><strong>melius</strong></span> <span class='ocrx_word' id='word_1_286' title='bbox 522 3300 715 3388; x_wconf 79' lang='lat' dir='ltr'><strong>judIcasset.</strong></span> <span class='ocrx_word' id='word_1_287' title='bbox 737 3299 880 3366; x_wconf 87' lang='lat' dir='ltr'><strong>Abolitis</strong></span> <span class='ocrx_word' id='word_1_288' title='bbox 896 3302 982 3366; x_wconf 92' lang='lat' dir='ltr'><strong>enim</strong></span> <span class='ocrx_word' id='word_1_289' title='bbox 1003 3301 1037 3365; x_wconf 93' lang='lat' dir='ltr'><strong>in</strong></span> <span class='ocrx_word' id='word_1_290' title='bbox 1056 3300 1164 3366; x_wconf 89' lang='lat' dir='ltr'><strong>reditu</strong></span> <span class='ocrx_word' id='word_1_291' title='bbox 1179 3301 1347 3366; x_wconf 86' lang='lat' dir='ltr'><strong>veteribus</strong></span> <span class='ocrx_word' id='word_1_292' title='bbox 1362 3302 1395 3366; x_wconf 94' lang='lat' dir='ltr'><strong>in</strong></span> <span class='ocrx_word' id='word_1_293' title='bbox 1409 3301 1467 3367; x_wconf 89' lang='lat' dir='ltr'><strong>Al·</strong></span> 
     </span>
    </p>
   </div>
   <div class='ocr_carea' id='block_1_3' title="bbox 238 3407 1569 3498">
    <p class='ocr_par' dir='ltr' id='par_1_3' title="bbox 238 3407 1569 3498">
     <span class='ocr_line' id='line_1_28' title="bbox 238 3407 1569 3498; baseline 0 -24"><span class='ocrx_word' id='word_1_294' title='bbox 238 3408 399 3476; x_wconf 86' lang='lat' dir='ltr'><strong>cibiadem</strong></span> <span class='ocrx_word' id='word_1_295' title='bbox 422 3407 614 3474; x_wconf 87' lang='lat' dir='ltr'><strong>criminibus</strong></span> <span class='ocrx_word' id='word_1_296' title='bbox 637 3427 725 3474; x_wconf 90' lang='lat' dir='ltr'><strong>nunc</strong></span> <span class='ocrx_word' id='word_1_297' title='bbox 750 3426 846 3474; x_wconf 78' lang='lat' dir='ltr'><strong>noea</strong></span> <span class='ocrx_word' id='word_1_298' title='bbox 869 3408 1127 3490; x_wconf 87' lang='lat' dir='ltr'><strong>subnascuntur,</strong></span> <span class='ocrx_word' id='word_1_299' title='bbox 1155 3426 1294 3493; x_wconf 92' lang='lat' dir='ltr'><strong>quorum</strong></span> <span class='ocrx_word' id='word_1_300' title='bbox 1325 3409 1467 3494; x_wconf 90' lang='lat' dir='ltr'><strong>primum</strong></span> <span class='ocrx_word' id='word_1_301' title='bbox 1567 3495 1569 3498; x_wconf 15' lang='grc' dir='ltr'>Ι</span> 
     </span>
    </p>
   </div>
   <div class='ocr_carea' id='block_1_4' title="bbox 239 3513 1469 3812">
    <p class='ocr_par' dir='ltr' id='par_1_4' title="bbox 239 3513 1469 3812">
     <span class='ocr_line' id='line_1_29' title="bbox 239 3513 1469 3600; baseline 0 -20"><span class='ocrx_word' id='word_1_302' title='bbox 239 3514 311 3580; x_wconf 87' lang='lat' dir='ltr'><strong>erat</strong></span> <span class='ocrx_word' id='word_1_303' title='bbox 329 3515 435 3580; x_wconf 90' lang='lat' dir='ltr'><strong>insula</strong></span> <span class='ocrx_word' id='word_1_304' title='bbox 454 3514 585 3581; x_wconf 85' lang='lat' dir='ltr'><strong>Andros</strong></span> <span class='ocrx_word' id='word_1_305' title='bbox 605 3513 730 3580; x_wconf 86' lang='lat' dir='ltr'><strong>frustra</strong></span> <span class='ocrx_word' id='word_1_306' title='bbox 750 3514 834 3580; x_wconf 91' lang='lat' dir='ltr'><strong>bello</strong></span> <span class='ocrx_word' id='word_1_307' title='bbox 854 3515 969 3600; x_wconf 87' lang='lat' dir='ltr'><strong>petita.</strong></span> <span class='ocrx_word' id='word_1_308' title='bbox 997 3516 1086 3591; x_wconf 83' lang='lat' dir='ltr'><strong>Quae</strong></span> <span class='ocrx_word' id='word_1_309' title='bbox 1101 3515 1170 3580; x_wconf 93' lang='lat' dir='ltr'><strong>sint</strong></span> <span class='ocrx_word' id='word_1_310' title='bbox 1189 3515 1223 3579; x_wconf 91' lang='lat' dir='ltr'><strong>in</strong></span> <span class='ocrx_word' id='word_1_311' title='bbox 1242 3514 1302 3580; x_wconf 89' lang='lat' dir='ltr'><strong>tali</strong></span> <span class='ocrx_word' id='word_1_312' title='bbox 1320 3535 1357 3580; x_wconf 90' lang='lat' dir='ltr'><strong>re</strong></span> <span class='ocrx_word' id='word_1_313' title='bbox 1375 3534 1469 3598; x_wconf 81' lang='lat' dir='ltr'><strong>com-</strong></span> 
     </span>
     <span class='ocr_line' id='line_1_30' title="bbox 239 3620 1466 3716; baseline 0 -30"><span class='ocrx_word' id='word_1_314' title='bbox 239 3625 368 3687; x_wconf 77' lang='lat' dir='ltr'><strong>munia</strong></span> <span class='ocrx_word' id='word_1_315' title='bbox 391 3623 529 3690; x_wconf 86' lang='lat' dir='ltr'><strong>crimina¹</strong></span> <span class='ocrx_word' id='word_1_316' title='bbox 550 3621 643 3706; x_wconf 79' lang='grc' dir='ltr'>(κοινὰ</span> <span class='ocrx_word' id='word_1_317' title='bbox 665 3622 860 3706; x_wconf 75' lang='grc' dir='ltr'>ἐγκλήματι),</span> <span class='ocrx_word' id='word_1_318' title='bbox 886 3621 943 3686; x_wconf 94' lang='lat' dir='ltr'><strong>ubi</strong></span> <span class='ocrx_word' id='word_1_319' title='bbox 965 3622 1144 3707; x_wconf 87' lang='lat' dir='ltr'><strong>imperator</strong></span> <span class='ocrx_word' id='word_1_320' title='bbox 1172 3622 1260 3688; x_wconf 89' lang='lat' dir='ltr'><strong>solus</strong></span> <span class='ocrx_word' id='word_1_321' title='bbox 1289 3620 1466 3716; x_wconf 86' lang='lat' dir='ltr'><strong>peccasset,</strong></span> 
     </span>
     <span class='ocr_line' id='line_1_31' title="bbox 239 3727 1110 3812; baseline 0 -18"><span class='ocrx_word' id='word_1_322' title='bbox 239 3729 369 3795; x_wconf 88' lang='lat' dir='ltr'><strong>difficile</strong></span> <span class='ocrx_word' id='word_1_323' title='bbox 388 3728 475 3794; x_wconf 87' lang='lat' dir='ltr'><strong>dictu</strong></span> <span class='ocrx_word' id='word_1_324' title='bbox 494 3727 556 3794; x_wconf 92' lang='lat' dir='ltr'><strong>est.</strong></span> <span class='ocrx_word' id='word_1_325' title='bbox 575 3749 593 3791; x_wconf 86' lang='grc' dir='ltr'>ν</span> <span class='ocrx_word' id='word_1_326' title='bbox 612 3727 673 3793; x_wconf 90' lang='lat' dir='ltr'><strong>Sed</strong></span> <span class='ocrx_word' id='word_1_327' title='bbox 688 3728 770 3794; x_wconf 86' lang='lat' dir='ltr'><strong>hoec</strong></span> <span class='ocrx_word' id='word_1_328' title='bbox 789 3728 920 3812; x_wconf 92' lang='lat' dir='ltr'><strong>quidem</strong></span> <span class='ocrx_word' id='word_1_329' title='bbox 939 3728 1110 3795; x_wconf 89' lang='lat' dir='ltr'><strong>hactenus.</strong></span> 
     </span>
    </p>
   </div>
   <div class='ocr_carea' id='block_1_5' title="bbox 239 3860 1471 4480">
    <p class='ocr_par' dir='ltr' id='par_1_5' title="bbox 239 3860 1471 4480">
     <span class='ocr_line' id='line_1_32' title="bbox 285 3860 1468 3948; baseline 0.001 -21"><span class='ocrx_word' id='word_1_330' title='bbox 285 3865 360 3930; x_wconf 85' lang='lat'><strong>106.</strong></span> <span class='ocrx_word' id='word_1_331' title='bbox 388 3863 478 3928; x_wconf 88' lang='lat' dir='ltr'><strong>Vitia</strong></span> <span class='ocrx_word' id='word_1_332' title='bbox 491 3861 602 3926; x_wconf 90' lang='lat' dir='ltr'><strong>tamen</strong></span> <span class='ocrx_word' id='word_1_333' title='bbox 617 3860 776 3945; x_wconf 86' lang='lat' dir='ltr'><strong>quaedam</strong></span> <span class='ocrx_word' id='word_1_334' title='bbox 793 3861 1065 3946; x_wconf 87' lang='lat' dir='ltr'><strong>praetermisisse,</strong></span> <span class='ocrx_word' id='word_1_335' title='bbox 1082 3897 1128 3911; x_wconf 94' lang='lat'>-</span> <span class='ocrx_word' id='word_1_336' title='bbox 1141 3862 1198 3945; x_wconf 93' lang='lat' dir='ltr'><strong>qui</strong></span> <span class='ocrx_word' id='word_1_337' title='bbox 1209 3860 1280 3928; x_wconf 87' lang='lat' dir='ltr'><strong>fieri</strong></span> <span class='ocrx_word' id='word_1_338' title='bbox 1290 3863 1399 3948; x_wconf 91' lang='lat' dir='ltr'><strong>potuit</strong></span> <span class='ocrx_word' id='word_1_339' title='bbox 1408 3862 1468 3928; x_wconf 89' lang='lat' dir='ltr'><strong>ali-</strong></span> 
     </span>
     <span class='ocr_line' id='line_1_33' title="bbox 240 3968 1468 4055; baseline 0.002 -21"><span class='ocrx_word' id='word_1_340' title='bbox 240 3970 312 4036; x_wconf 73' lang='lat' dir='ltr'><strong>teri</strong></span> <span class='ocrx_word' id='word_1_341' title='bbox 331 3969 545 4053; x_wconf 85' lang='lat' dir='ltr'><strong>—quamvis</strong></span> <span class='ocrx_word' id='word_1_342' title='bbox 570 3968 819 4054; x_wconf 85' lang='lat' dir='ltr'><strong>sagacissimum</strong></span> <span class='ocrx_word' id='word_1_343' title='bbox 844 3968 971 4048; x_wconf 86' lang='lat' dir='ltr'><strong>virum,</strong></span> <span class='ocrx_word' id='word_1_344' title='bbox 1009 3968 1115 4035; x_wconf 87' lang='lat' dir='ltr'><strong>Cobet</strong></span> <span class='ocrx_word' id='word_1_345' title='bbox 1139 3969 1285 4055; x_wconf 88' lang='lat' dir='ltr'><strong>exemplo</strong></span> <span class='ocrx_word' id='word_1_346' title='bbox 1313 3969 1357 4035; x_wconf 91' lang='lat' dir='ltr'><strong>sit</strong></span> <span class='ocrx_word' id='word_1_347' title='bbox 1381 3989 1468 4036; x_wconf 92' lang='lat' dir='ltr'><strong>unus</strong></span> 
     </span>
     <span class='ocr_line' id='line_1_34' title="bbox 239 4071 1470 4166; baseline 0.001 -23"><span class='ocrx_word' id='word_1_348' title='bbox 239 4076 383 4166; x_wconf 87' lang='lat' dir='ltr'><strong>ejusdem</strong></span> <span class='ocrx_word' id='word_1_349' title='bbox 403 4077 491 4142; x_wconf 82' lang='lat' dir='ltr'><strong>vitae</strong></span> <span class='ocrx_word' id='word_1_350' title='bbox 510 4075 600 4141; x_wconf 84' lang='lat' dir='ltr'><strong>loeus</strong></span> <span class='ocrx_word' id='word_1_351' title='bbox 622 4078 707 4161; x_wconf 85' lang='lat' dir='ltr'><strong>(cap.</strong></span> <span class='ocrx_word' id='word_1_352' title='bbox 730 4074 860 4158; x_wconf 89' lang='lat' dir='ltr'>XXIV)</span> <span class='ocrx_word' id='word_1_353' title='bbox 884 4095 891 4139; x_wconf 91' lang='lat'><strong>:</strong></span> <span class='ocrx_word' id='word_1_354' title='bbox 914 4072 1011 4141; x_wconf 81' lang='grc' dir='ltr'>Τσίλλ’</span> <span class='ocrx_word' id='word_1_355' title='bbox 1031 4073 1076 4141; x_wconf 80' lang='grc' dir='ltr'><strong>οὖν</strong></span> <span class='ocrx_word' id='word_1_356' title='bbox 1091 4071 1129 4141; x_wconf 85' lang='grc' dir='ltr'><strong>ῶν</strong></span> <span class='ocrx_word' id='word_1_357' title='bbox 1144 4081 1193 4142; x_wconf 85' lang='grc' dir='ltr'>καί</span> <span class='ocrx_word' id='word_1_358' title='bbox 1208 4083 1346 4159; x_wconf 81' lang='grc' dir='ltr'>μισέλλην</span> <span class='ocrx_word' id='word_1_359' title='bbox 1365 4080 1394 4143; x_wconf 83' lang='grc' dir='ltr'><strong>ἐν</strong></span> <span class='ocrx_word' id='word_1_360' title='bbox 1412 4090 1470 4157; x_wconf 82' lang='grc' dir='ltr'>τοῖς</span> 
     </span>
     <span class='ocr_line' id='line_1_35' title="bbox 240 4179 1466 4270; baseline 0 -21"><span class='ocrx_word' id='word_1_361' title='bbox 240 4188 363 4267; x_wconf 77' lang='grc' dir='ltr'>μάλιστα</span> <span class='ocrx_word' id='word_1_362' title='bbox 381 4182 501 4270; x_wconf 82' lang='grc' dir='ltr'>Περσῶν</span> <span class='ocrx_word' id='word_1_363' title='bbox 516 4190 535 4250; x_wconf 84' lang='grc' dir='ltr'>δ</span> <span class='ocrx_word' id='word_1_364' title='bbox 546 4184 721 4270; x_wconf 76' lang='grc' dir='ltr'>Τισαφέρνης</span> <span class='ocrx_word' id='word_1_365' title='bbox 739 4184 826 4260; x_wconf 79' lang='grc' dir='ltr'>οὕτως</span> <span class='ocrx_word' id='word_1_366' title='bbox 843 4185 962 4248; x_wconf 83' lang='grc' dir='ltr'>ἐνεδίδου</span> <span class='ocrx_word' id='word_1_367' title='bbox 981 4190 1020 4269; x_wconf 81' lang='grc' dir='ltr'><strong>τῷ</strong></span> <span class='ocrx_word' id='word_1_368' title='bbox 1042 4179 1210 4270; x_wconf 77' lang='grc' dir='ltr'>Ἀλκιίιάδη</span> <span class='ocrx_word' id='word_1_369' title='bbox 1228 4188 1466 4268; x_wconf 67' lang='grc' dir='ltr'>κολακευόμενος,</span> 
     </span>
     <span class='ocr_line' id='line_1_36' title="bbox 240 4287 1469 4377; baseline 0 -21"><span class='ocrx_word' id='word_1_370' title='bbox 240 4291 305 4359; x_wconf 79' lang='grc' dir='ltr'>ὥσθ’</span> <span class='ocrx_word' id='word_1_371' title='bbox 322 4295 509 4377; x_wconf 73' lang='grc' dir='ltr'>ὑπερθσίλλειν</span> <span class='ocrx_word' id='word_1_372' title='bbox 524 4293 605 4357; x_wconf 80' lang='grc' dir='ltr'>αὑτὸν</span> <span class='ocrx_word' id='word_1_373' title='bbox 621 4287 845 4356; x_wconf 83' lang='grc' dir='ltr'>ἀντικολακεύων</span> <span class='ocrx_word' id='word_1_374' title='bbox 861 4293 977 4366; x_wconf 85' lang='grc' dir='ltr'>ἐκεῖνος.</span> <span class='ocrx_word' id='word_1_375' title='bbox 991 4288 1144 4355; x_wconf 86' lang='lat' dir='ltr'><strong>Rescribe</strong></span> <span class='ocrx_word' id='word_1_376' title='bbox 1154 4310 1227 4355; x_wconf 89' lang='lat' dir='ltr'><strong>cum</strong></span> <span class='ocrx_word' id='word_1_377' title='bbox 1237 4289 1284 4355; x_wconf 86' lang='lat' dir='ltr'><strong>N:</strong></span> <span class='ocrx_word' id='word_1_378' title='bbox 1298 4293 1380 4369; x_wconf 76' lang='grc' dir='ltr'>αὐτὸς</span> <span class='ocrx_word' id='word_1_379' title='bbox 1394 4287 1469 4356; x_wconf 83' lang='grc' dir='ltr'>σὀιτι·</span> 
     </span>
     <span class='ocr_line' id='line_1_37' title="bbox 239 4395 1471 4480; baseline -0.003 -15"><span class='ocrx_word' id='word_1_380' title='bbox 239 4405 403 4465; x_wconf 76' lang='grc' dir='ltr'>κολακεύων</span> <span class='ocrx_word' id='word_1_381' title='bbox 424 4402 540 4479; x_wconf 70' lang='grc' dir='ltr'>ἐκεῖνον,</span> <span class='ocrx_word' id='word_1_382' title='bbox 558 4397 619 4463; x_wconf 89' lang='lat' dir='ltr'><strong>hoo</strong></span> <span class='ocrx_word' id='word_1_383' title='bbox 634 4417 731 4462; x_wconf 91' lang='lat' dir='ltr'><strong>sensu</strong></span> <span class='ocrx_word' id='word_1_384' title='bbox 751 4416 759 4461; x_wconf 76' lang='grc' dir='ltr'>ε</span> <span class='ocrx_word' id='word_1_385' title='bbox 776 4397 871 4462; x_wconf 82' lang='lat' dir='ltr'><strong>Adeo</strong></span> <span class='ocrx_word' id='word_1_386' title='bbox 886 4395 1065 4462; x_wconf 75' lang='lat' dir='ltr'><strong>Alcibiobc&#39;</strong></span> <span class='ocrx_word' id='word_1_387' title='bbox 1085 4396 1326 4480; x_wconf 76' lang='lat' dir='ltr'><strong>Tisapheroes</strong></span> <span class='ocrx_word' id='word_1_388' title='bbox 1346 4396 1471 4463; x_wconf 73' lang='lat' dir='ltr'><strong>obdul-</strong></span> 
     </span>
    </p>
   </div>
   <div class='ocr_carea' id='block_1_6' title="bbox 236 4504 1469 4679">
    <p class='ocr_par' dir='ltr' id='par_1_6' title="bbox 236 4504 1469 4679">
     <span class='ocr_line' id='line_1_38' title="bbox 236 4504 1469 4590; baseline -0.002 -20"><span class='ocrx_word' id='word_1_389' title='bbox 236 4506 341 4590; x_wconf 73' lang='grc' dir='ltr'>μεθαί</span> <span class='ocrx_word' id='word_1_390' title='bbox 360 4506 438 4589; x_wconf 82' lang='lat' dir='ltr'><strong>ojus</strong></span> <span class='ocrx_word' id='word_1_391' title='bbox 458 4504 798 4590; x_wconf 76' lang='lat' dir='ltr'><strong>coplua.blonde&#39;te&#39;is‚</strong></span> <span class='ocrx_word' id='word_1_392' title='bbox 815 4509 854 4568; x_wconf 79' lang='lat' dir='ltr'><strong>ut</strong></span> <span class='ocrx_word' id='word_1_393' title='bbox 869 4523 950 4568; x_wconf 77' lang='grc' dir='ltr'>οιιτιτ</span> <span class='ocrx_word' id='word_1_394' title='bbox 973 4505 1051 4587; x_wconf 78' lang='lat' dir='ltr'><strong>ipse</strong></span> <span class='ocrx_word' id='word_1_395' title='bbox 1066 4508 1258 4587; x_wconf 79' lang='lat' dir='ltr'><strong>superaret</strong></span> <span class='ocrx_word' id='word_1_396' title='bbox 1276 4504 1469 4570; x_wconf 75' lang='lat' dir='ltr'><strong>blandities</strong></span> 
     </span>
     <span class='ocr_line' id='line_1_39' title="bbox 239 4613 431 4679; baseline 0.01 -2"><span class='ocrx_word' id='word_1_397' title='bbox 239 4613 431 4679; x_wconf 79' lang='lat' dir='ltr'><strong>reddenda.</strong></span> 
     </span>
    </p>
   </div>
   <div class='ocr_carea' id='block_1_7' title="bbox 273 4787 851 4852">
    <p class='ocr_par' dir='ltr' id='par_1_7' title="bbox 273 4787 851 4852">
     <span class='ocr_line' id='line_1_40' title="bbox 273 4787 851 4852; baseline -0.002 -15"><span class='ocrx_word' id='word_1_398' title='bbox 273 4789 295 4838; x_wconf 92' lang='lat'><strong>1.</strong></span> <span class='ocrx_word' id='word_1_399' title='bbox 315 4790 495 4852; x_wconf 79' lang='lat' dir='ltr'><strong>Mnemosyn.</strong></span> <span class='ocrx_word' id='word_1_400' title='bbox 509 4803 567 4839; x_wconf 82' lang='lat' dir='ltr'><strong>nov.</strong></span> <span class='ocrx_word' id='word_1_401' title='bbox 580 4803 632 4838; x_wconf 87' lang='lat' dir='ltr'><strong>ser.</strong></span> <span class='ocrx_word' id='word_1_402' title='bbox 648 4794 666 4839; x_wconf 86' lang='lat' dir='ltr'><strong>t.</strong></span> <span class='ocrx_word' id='word_1_403' title='bbox 681 4787 716 4837; x_wconf 91' lang='lat' dir='ltr'><strong>Vl</strong></span> <span class='ocrx_word' id='word_1_404' title='bbox 730 4803 757 4852; x_wconf 91' lang='lat' dir='ltr'><strong>p.</strong></span> <span class='ocrx_word' id='word_1_405' title='bbox 772 4788 794 4838; x_wconf 96' lang='lat' dir='ltr'><strong>l.</strong></span> <span class='ocrx_word' id='word_1_406' title='bbox 811 4802 851 4851; x_wconf 86' lang='lat' dir='ltr'><strong>sq.</strong></span> 
     </span>
    </p>
   </div>
   <div class='ocr_carea' id='block_1_8' title="bbox 0 0 1795 5472">
    <p class='ocr_par' dir='ltr' id='par_1_8' title="bbox 0 0 1795 5472">
     <span class='ocr_line' id='line_1_41' title="bbox 0 0 1795 5472; baseline 0 0"><span class='ocrx_word' id='word_1_407' title='bbox 0 0 1795 5472; x_wconf 95' lang='lat' dir='ltr'><strong> </strong></span> 
     </span>
    </p>
   </div>
  </div>
 </body>
</html>
