3574 5476
317 455 389 524 28v
777 529 793 560 ο
839 473 869 521 c.
896 471 1024 522 emon.

370 599 426 665 70.
454 597 499 664 Ἥ
516 597 611 664 nobis
629 597 760 684 quidem
776 597 883 685 magis
897 595 1003 684 placet
1017 614 1117 682 quam
1131 589 1214 661 sslud
1228 600 1276 662 καί
1293 594 1463 683 vulgatae.

364 751 430 816 71:
444 748 574 816 Malunt
587 750 726 817 lacobus
745 750 866 817 Reiskc
884 749 1085 835 carolusque
1100 745 1244 814 Sintenis
1262 752 1365 831 βύθιον.

363 903 418 970 72.
445 902 651 970 Vocabulum
672 917 786 990 συνεχῆ,
807 923 871 988 quo
890 902 1003 969 carent
1021 897 1144 966 codices
1163 899 1331 985 vulgares,
1352 900 1546 968 nonnullam

320 1009 413 1101 addit
435 1010 619 1078 sententiae
647 1011 800 1121 gratiam,
824 1030 929 1095 neque
951 1007 1102 1096 equidem
1125 1005 1239 1073 dubito
1263 1003 1342 1091 quin
1369 1007 1411 1074 ab
1443 1009 1545 1094 ipsius

319 1117 493 1186 Plutarchi
508 1137 608 1184 mauu
623 1115 803 1204 profectum
818 1119 872 1184 sit.
962 1143 963 1148 ¹

363 1252 432 1337 73(
445 1269 673 1357 Opportunum
692 1267 889 1357 asyndeton.

364 1423 418 1490 74.
444 1423 523 1489 Pari
553 1423 682 1488 ratione
715 1423 750 1488 in
779 1422 810 1490 N
843 1421 951 1488 codice
980 1422 1079 1506 atque
1102 1417 1189 1505 apud
1215 1416 1544 1504 Pseudo-Appianum

318 1531 465 1610 διεξιόντες
485 1528 556 1596 Ιοσο
575 1530 729 1596 movetur
748 1533 818 1595 sine
836 1529 905 1596 ullo
923 1527 1082 1596 orationis
1101 1524 1307 1593 detrimento.

364 1680 419 1746 75.
443 1681 551 1748 Τοῦτον
561 1679 764 1760 codicisNat
776 1679 891 1747 acrisii
903 1680 1108 1769 subjunctivi
1118 1684 1205 1771 apud
1215 1684 1546 1772 Pseudo-Appianum

278 1828 283 1838 ·
323 1806 426 1872 aeque
435 1786 612 1854 mendosae
622 1787 702 1854 sunt
714 1789 908 1875 scripturae.
921 1786 984 1853 Sed
994 1789 1077 1854 nein
1087 1790 1225 1877 vulgata
1235 1791 1365 1877 quidem
1376 1812 1457 1858 sana
1468 1813 1547 1861 eva·

319 1893 364 1960 sit
383 1893 558 1961 sententia.
586 1894 773 1982 Ἀρίττπευσεν
788 1900 834 1962 τὸν
851 1896 982 1983 Κράσσον
996 1911 1076 1965 τοῦτο
1090 1904 1187 1980 πείσας
1201 1905 1240 1979 ὡς
1254 1903 1485 1987 ὑπεργάσεται
1499 1907 1546 1971 καὶ

319 2003 475 2089 διαταράξει
493 2002 528 2069 τὰ
547 2011 601 2069 τῶν
620 2007 763 2085 πολεμίων
785 2022 792 2068 :
814 2001 933 2068 uereor
947 2002 985 2069 ut
999 2005 1073 2088 quis
1087 2002 1169 2072 haec
1184 2005 1367 2093 intellegat.
1384 2007 1454 2094 Ego
1470 2009 1547 2093 qui·

319 2107 393 2175 dem
408 2108 514 2196 legam
532 2128 539 2174 :
557 2114 597 2188 ὡς
611 2111 780 2197 ὑπουργήσει
794 2135 830 2176 τι.
852 2107 964 2194 Neque
979 2107 1076 2177 aliter
1090 2111 1330 2199 interpretatus
1344 2112 1394 2178 est
1405 2114 1546 2180 loannes

319 2215 612 2303 Schweighaeuser
625 2215 824 2282 sententiam
837 2215 900 2283 loci
914 2216 1015 2298 certe,
1027 2217 1055 2282 si
1070 2219 1179 2286 minus
1189 2220 1292 2287 verba
1305 2220 1376 2307 ipsa
1390 2213 1542 2288 sehutus:

319 2343 340 2388 ιι
360 2323 505 2410 Fingens
523 2344 559 2390 se
577 2325 771 2391 curaturum
793 2325 1033 2408 necessarium,
1050 2325 1084 2392 et
1102 2326 1316 2394 turbaturum
1336 2328 1471 2395 consilia
1489 2329 1548 2395 ho·

319 2431 433 2497 stium.
449 2452 470 2497 ν
486 2431 538 2501 Cf.
555 2451 583 2500 c.
602 2432 647 2513 V,
667 2431 755 2528 1210
772 2451 780 2497 :
804 2430 886 2501 Ἐπεὶ
904 2441 953 2516 τήν
968 2459 1003 2520 γε
1016 2439 1112 2521 χρείαν
1129 2433 1287 2522 ἀναγκαίως
1306 2443 1419 2520 μᾶλλον
1438 2441 1456 2522 ἢ
1475 2465 1545 2526 προ-

318 2547 412 2623 θύμως
430 2545 632 2627 ὑπουργοῦντος
655 2538 733 2622 εἶναι,
756 2538 1013 2626 praesertimque
1040 2539 1188 2609 Catonis
1208 2543 1295 2627 map'.
1318 2543 1379 2609 vit.
1396 2563 1425 2612 c.
1447 2543 1544 2624 XXI,

319 2645 342 2712 l.
365 2646 407 2714 18
429 2664 437 2711 ἱ
465 2644 622 2724 Ἐκόλαζεν
644 2647 724 2726 εὐθὺς
743 2646 814 2729 μετὰ
831 2650 862 2714 τὸ
881 2652 990 2716 δεῖπνον
1009 2651 1098 2732 ἱμάντι
1116 2651 1180 2728 τοὺς
1198 2645 1386 2738 ἀμελέστερον
1405 2659 1544 2738 ὑπουργή-

317 2759 523 2833 cairogensis
541 2756 561 2838 ἢ
580 2756 780 2832 σκευάσαντας.

362 2905 418 2972 76.
440 2903 525 2972 Vide
544 2903 643 2986 infra,
661 2924 736 2993 pag.
759 2905 814 2974 30.

363 3066 416 3132 Ut
428 3065 615 3133 distinctius
634 3067 850 3154 perspiciatur
869 3068 946 3153 quid
966 3090 984 3136 e
1004 3070 1052 3136 tot
1070 3069 1255 3156 promiscue
1269 3068 1397 3157 junctis
1415 3070 1547 3154 tamque

176 3259 181 3270 .
319 3175 421 3242 variis
439 3173 725 3264 obseruationibus
744 3175 854 3262 colligi
878 3178 995 3262 possit,
1026 3179 1166 3244 stemma
1185 3175 1387 3264 descriptum
1407 3174 1547 3242 velimus

316 3280 391 3362 hoc,
422 3280 507 3366 quod
533 3283 647 3348 utrum
672 3303 788 3349 vorum
808 3284 852 3348 sit
880 3303 981 3351 necue
1005 3285 1039 3352 in
1066 3285 1250 3371 praeseutia
1269 3303 1334 3352 non
1355 3283 1546 3370 pronuntia·

317 3408 391 3455 mus
408 3408 415 3454 :
