3568 5472
522 458 565 506 11
591 459 783 508 1111111111
808 461 930 511 comcs
954 463 1169 512 mnravrmvsn
1417 451 1455 513 17

277 580 332 645 51.
359 581 442 657 Quid
456 583 549 648 nocet
567 583 727 652 articulu's
743 586 875 654 additus
894 598 933 676 τῷ
952 585 1110 657 Ilvates?
1211 579 1214 586 ⁴

276 722 332 787 52.
358 725 418 791 Καὶ
444 725 521 791 1111
547 726 598 805 τὰς
627 725 804 817 Ἰσοκράτους
825 730 904 798 11111
927 732 1035 820 potest
1060 733 1132 799 sine
1162 733 1357 801 detrimento
1386 755 1459 803 ora-

232 829 343 894 tionis.
366 831 459 897 Vitia
478 854 556 899 vero
585 835 640 900 isti
666 835 825 924 Ἰσοκράτου
849 840 986 920 similia,
1008 840 1121 925 qualia
1145 841 1299 907 sexcenta
1326 842 1458 908 silentio

233 938 523 1022 praetermisimus,
547 941 629 1006 nihil
650 943 780 1027 quidem
804 947 986 1012 extenuant
1005 948 1115 1014 cetera
1139 948 1257 1038 codicis
1276 949 1306 1016 N
1327 950 1456 1032 merita,

222 1063 314 1128 -quae
344 1044 548 1130 amplissima
574 1067 645 1113 esse
663 1049 735 1136 jam
761 1073 778 1118 e
801 1054 1023 1139 superioribus
1048 1054 1329 1122 annotatiunculis
1354 1056 1460 1142 potest

233 1150 353 1237 colligi.

278 1348 418 1429 Etenim,
439 1350 477 1415 ut
495 1350 641 1417 breviter
654 1369 765 1415 omnes
780 1349 840 1415 has
856 1349 1041 1435 scripturae
1057 1351 1247 1444 ‘varietates⁷
1270 1372 1328 1438 per
1342 1352 1460 1419 classes

233 1453 387 1540 digestae,
414 1456 623 1542 complectar,
648 1456 752 1523 codex
770 1455 800 1521 N
821 1474 887 1521 non
907 1455 1014 1521 solum
1035 1459 1157 1542 passim
1179 1479 1253 1524 cum
1272 1479 1339 1523 uno
1357 1460 1460 1544 pluri-

234 1560 337 1628 busve
355 1563 448 1629 libris
460 1562 529 1650 jam
544 1581 565 1630 a
583 1566 698 1633 Carolo
713 1563 859 1629 Sintenis
879 1563 1037 1629 adhibitis
1051 1563 1132 1630 11111
1147 1565 1187 1630 ad
1202 1565 1372 1650 antiquam
1388 1565 1459 1631 vul-

233 1670 345 1755 gatam
365 1664 601 1738 emendandam
620 1677 667 1756 (v.
686 1693 715 1738 e.
738 1693 769 1758 g.
792 1692 885 1737 num.
909 1672 962 1752 13,
986 1673 1039 1753 15,
1064 1675 1117 1754 18,
1138 1673 1195 1752 45,
1213 1674 1268 1756 47,
1290 1675 1347 1753 48,
1365 1671 1457 1755 111),

233 1776 287 1843 vel
301 1777 422 1844 diserte
442 1779 581 1864 praebet
599 1801 686 1845 unus
702 1778 841 1865 scriptas
857 1779 1015 1864 quasdam
1031 1779 1186 1845 lectiones
1201 1779 1241 1846 ab
1262 1780 1460 1847 acutissimis

233 1883 315 1950 viris
333 1886 453 1952 Jaccbc
468 1887 587 1952 Reiske
607 1890 712 1971 (num.
728 1888 799 1969 21),
821 1885 1020 1952 Adamantio
1035 1886 1130 1953 Corai
1150 1890 1255 1971 (num.
1280 1888 1321 1953 12
1340 1887 1457 1970 1144),

233 1992 373 2058 Henrico
392 1992 546 2060 Schaefer
567 1997 672 2078 (num.
700 1995 770 2079 32),
797 1995 874 2075 etc,
903 1994 1119 2080 excogitatas,
1146 1994 1328 2061 sedetiam
1347 1995 1461 2061 multis

233 2102 267 2164 in
288 2099 367 2166 locis
391 2120 472 2185 quos
490 2101 591 2166 ceteri
615 2101 739 2168 codices
764 2099 942 2166 manifesto
969 2100 1093 2166 habent
1116 2096 1311 2188 depravatos
1335 2101 1462 2169 111111-

233 2207 304 2273 1111
318 2228 422 2293 usque
438 2207 480 2272 ad
497 2209 583 2274 hanc
599 2208 685 2274 diem
700 2209 796 2273 multi
817 2208 957 2292 bonique
974 2207 1081 2274 critici
1096 2209 1315 2300 tentaverant,
1334 2229 1458 2290 veram,

233 2315 271 2380 ut
285 2314 428 2394 videtur,
449 2316 647 2402 scripturam
667 2317 830 2402 integram
849 2313 1006 2401 patefecit
1026 2318 1132 2399 (num,
1148 2317 1182 2397 5,
1199 2319 1232 2398 7,
1253 2317 1309 2397 21,
1330 2317 1386 2398 29,
1402 2319 1458 2396 38,

233 2421 325 2508 111.);
350 2423 449 2488 immo
469 2444 546 2490 vero
566 2423 713 2511 genuina
732 2423 845 2503 verba,
865 2423 936 2490 sive
952 2422 1073 2489 leviter
1094 2423 1261 2510 corrupta,
1282 2423 1336 2489 ita
1348 2423 1460 2490 tamen

233 2530 272 2595 ut
294 2529 383 2595 111111
410 2530 468 2594 111
487 2529 650 2616 probabili
674 2529 874 2596 correctione
899 2531 932 2594 in
955 2529 1133 2614 pristinum
1158 2531 1299 2595 nitorem
1327 2530 1460 2596 restitui

233 2637 360 2722 possint
375 2638 480 2721 (num.
501 2638 558 2717 23,
578 2638 633 2720 29,
656 2637 711 2717 50,
733 2638 824 2721 111),
847 2638 915 2704 sive
929 2635 1122 2723 plerumque
1137 2635 1263 2704 intacta
1282 2635 1460 2704 inviolata-

233 2755 295 2828 que
316 2743 422 2830 (num.
443 2745 477 2824 2,
499 2747 532 2828 8,
555 2747 587 2825 9,
613 2745 666 2826 13,
687 2746 741 2824 19,
766 2745 822 2825 20,
850 2744 907 2825 24,
927 2744 984 2823 25,
1007 2745 1062 2826 27,
1085 2745 1141 2827 30,
1164 2745 1220 2824 43,
1247 2745 1339 2828 etc),
1365 2741 1459 2809 nobis

232 2850 368 2916 reddere
392 2852 486 2931 solet,
512 2871 594 2937 quae
617 2855 677 2917 aut
704 2850 854 2916 funditus
877 2866 896 2915 1
918 2851 1109 2917 narratione
1134 2849 1267 2915 sublata
1287 2850 1345 2915 aut
1367 2849 1471 2915 falla-2

233 2959 315 3024 citer
336 2979 409 3024 cum
438 2958 512 3023 aliis
536 2957 621 3024 idem
651 2957 915 3044 significantibus
944 2958 1147 3024 commutata
1169 2957 1226 3022 diu
1256 2957 1460 3022 doctissimos

234 3066 514 3150 peritissimosque
538 3065 677 3154 judiam,
706 3085 826 3151 magno
854 3064 1026 3131 Plutarchi
1055 3062 1259 3131 incommodo
1282 3062 1460 3129 detrimen-

233 3170 343 3255 toque,
361 3171 561 3239 fefellerant.
583 3174 739 3249 Quamvis
756 3172 862 3259 igitur
881 3174 969 3238 mala
986 3173 1071 3238 esset
1089 3171 1170 3237 facie
1191 3171 1460 3257 paucissimisque

234 3279 382 3360 saeculis,
398 3301 464 3346 non
478 3279 558 3346 adeo
573 3281 674 3346 codex
689 3281 803 3348 noster
819 3279 872 3346 ille
885 3280 1094 3348 Matritensis
1108 3279 1198 3346 visus
1212 3277 1262 3344 est
1277 3279 1370 3346 nobis
1385 3299 1460 3346 con-

233 3384 439 3452 temnendus.

823 3611 866 3675 ll.

278 3781 404 3847 Horum
436 3782 579 3867 quinque
608 3782 754 3868 priorum
785 3780 931 3867 capitum
960 3779 1167 3870 variantibus
1197 3779 1389 3845 lectionibus
1414 3779 1463 3844 ita

233 3889 413 3974 perpensis,
429 3909 546 3976 operae
565 3888 695 3974 quidem
710 3888 853 3974 pretium
873 3886 942 3953 iore
960 3887 1054 3968 duxi,
1071 3888 1111 3968 si,
1135 3907 1200 3952 non
1220 3886 1315 3952 modo
1333 3887 1462 3970 reliqua
1514 3869 1517 3878 ¹

93 4067 99 4075 ,
139 4061 141 4066 ,
233 3995 459 4061 Demosthenis
477 3997 566 4062 vitae
585 3995 673 4075 lolia,
698 3995 752 4060 sed
771 3995 881 4060 totum
895 3991 1053 4061 codicem¹
1073 3992 1246 4079 diligenter
1260 3992 1459 4058 excuterem.

234 4101 325 4176 Quod
349 4121 439 4180 sane,
462 4102 625 4187 quantum
644 4101 748 4189 potui,
773 4101 844 4168 feci.
872 4102 914 4166 nt
934 4102 1004 4189 jam
1024 4121 1065 4165 111
1085 4099 1149 4164 ista
1171 4098 1319 4163 lectionis
1342 4097 1461 4162 discre-

232 4209 348 4296 pantia
372 4208 468 4276 facile
501 4208 648 4294 intellegi
677 4208 784 4295 potest
815 4208 937 4274 librum
962 4207 1191 4274 Matritensem
1225 4205 1389 4291 pertinere
1420 4202 1463 4268 ad

233 4317 399 4404 quandam
427 4316 573 4384 codicum
591 4315 866 4384 Plutarcheorum
881 4314 1040 4380 familiam
1064 4314 1183 4379 misere
1202 4312 1373 4399 dilapsam,
1395 4309 1460 4389 cui,

265 4601 288 4649 1.
307 4601 405 4650 Totum
425 4600 544 4651 codicem
560 4617 621 4651 cum
639 4603 709 4663 dico,
730 4608 834 4652 tantum
853 4601 1025 4666 intellegatur
1041 4605 1146 4666 oportet
1167 4605 1223 4649 tota
1242 4598 1291 4648 illa
1307 4612 1370 4663 pars
1383 4610 1463 4660 quam

232 4669 325 4722 littera
346 4671 370 4721 N
393 4671 541 4737 designavi,
559 4673 681 4738 reliquis,
704 4678 733 4722 ut
755 4671 822 4735 dixi,
841 4672 916 4723 foliis
938 4673 972 4723 ad
992 4672 1077 4722 alium
1099 4669 1224 4736 aliquem,
1244 4685 1328 4734 neque
1345 4668 1463 4734 ejusdem

235 4741 327 4808 pretii,
342 4741 462 4794 codicem
475 4743 682 4808 pertinentibus.

1322 4847 1339 4897 2
