3568 5472
326 426 348 490 8
846 435 876 483 c.
903 433 1032 482 aaron.

326 565 388 631 hoc
400 563 529 632 saeculo
538 561 715 629 retinuisse
728 559 984 646 recognitionem
999 557 1132 624 invenio
1141 553 1164 638 ¹,
1176 554 1297 622 diserte
1311 553 1438 642 profert
1448 554 1552 622 bonus

325 672 428 741 codex
443 670 647 738 Matritensis
661 664 817 755 ἠρξάμεθα,
831 667 902 754 jam
912 665 1129 732 Lambidiana
1143 665 1292 750 margine
1311 663 1552 728 sumministra-

325 782 410 846 tum.
422 815 467 831 -
482 778 648 860 Ῥωμαϊκῆς
662 774 811 860 denique,
826 794 910 858 quae
923 771 1242 839 voxsatissimiliter
1253 772 1352 837 inore
1366 771 1552 856 Byzantino

325 881 462 953 sonabat
483 904 521 951 ac
558 883 746 966 Ῥωμαίκαῖς,
775 901 940 947 summum
959 879 1100 945 hominis
1124 877 1264 944 codicem
1284 878 1313 945 N
1337 877 1552 946 describentis
1629 963 1632 972 .

325 991 502 1070 candorem
529 990 685 1080 testatur.
711 989 858 1054 Maxima
881 987 997 1054 scribis
1026 986 1157 1052 aurium
1189 1005 1304 1071 parum
1334 986 1551 1054 delicatarum

325 1098 463 1164 debetur
482 1094 572 1162 fides.

370 1258 426 1324 21.
451 1257 553 1324 Parvi
572 1256 711 1323 faciebat
725 1254 826 1341 stipes
840 1253 914 1333 iste,
930 1254 972 1319 ob
991 1251 1025 1319 id
1043 1253 1150 1338 ipsum
1169 1253 1257 1320 certe
1271 1253 1461 1338 laudabilis
1480 1275 1553 1320 sen-

327 1385 400 1430 sum
418 1365 593 1430 verborum
617 1383 677 1428 suo
700 1363 826 1428 calamo
850 1360 1113 1446 descriptorum:
1133 1360 1218 1444 quod
1237 1362 1324 1426 enirn
1344 1361 1422 1427 ante
1444 1360 1554 1428 oculos

327 1471 481 1552 habebat,
498 1491 565 1536 non
583 1468 688 1534 dicam
701 1469 771 1534 sine
784 1466 994 1555 neglegentia
1007 1503 1052 1516 -
1069 1465 1142 1533 leve
1161 1465 1290 1552 quidem
1306 1465 1493 1552 peccatum!
1510 1505 1555 1518 -

327 1579 384 1646 sed
393 1617 438 1630 -
447 1577 533 1663 quod
548 1578 660 1664 magni
670 1577 783 1641 nostre
797 1573 1004 1641 refert-ad
1017 1573 1155 1641 verbum
1170 1573 1366 1640 imitabatur
1381 1575 1451 1640 sine
1464 1576 1555 1660 cupi-

326 1685 431 1753 ditate
444 1684 640 1772 corrigendi.
653 1684 725 1760 Quo
739 1681 778 1749 fit
791 1683 830 1750 ut
844 1682 1027 1769 legentium
1042 1688 1194 1749 τυνέὸαινεν
1202 1691 1267 1764 ἡμῖν
1276 1685 1369 1748 ἐκτῶν
1384 1686 1554 1770 πραγμάτων

328 1799 504 1880 ἁμωσγέπως
524 1800 635 1879 εἴχομεν
656 1790 798 1879 ἐμπειρίαν
824 1793 1024 1856 ἐπακολουθεῖν
1044 1789 1077 1856 δι’
1099 1789 1168 1856 αὐτὰ
1187 1794 1234 1856 καὶ
1252 1803 1310 1867 τοῖς
1329 1791 1442 1872 ὀνόμασι
1459 1808 1555 1854 nemo

327 1902 372 1966 sit
395 1901 474 1985 quin
500 1900 586 1965 illico
605 1891 643 1964 ὧν
663 1901 736 1984 post
754 1900 936 1984 πραγμάτων,
958 1896 1053 1981 lapsu
1072 1896 1159 1962 inter
1177 1895 1388 1961 scribendum
1407 1895 1555 1982 frequen·

326 2007 454 2072 tissime
467 2006 552 2072 male
566 2006 734 2098 omissum,
753 2003 853 2070 addat
867 2003 901 2069 et
920 2004 1121 2069 correctione
1136 2003 1206 2068 tam
1220 2002 1289 2068 leni
1308 2002 1504 2068 sententiam
1521 2005 1554 2068 in

328 2113 507 2200 pristinum
525 2115 658 2178 revocet
671 2110 823 2178 nitorem.
845 2111 940 2178 Nune
958 2130 1075 2196 operae
1089 2111 1139 2176 est
1157 2111 1298 2196 pretium
1312 2111 1555 2184 annotationem

328 2211 437 2288 Caroli
458 2219 613 2299 Sintenis,
631 2219 695 2286 viri
714 2219 803 2284 ultra
821 2238 920 2302 quam
938 2219 1020 2284 satis
1044 2219 1094 2284 est
1117 2217 1322 2300 haesitantiS,
1343 2219 1552 2285 exscribere:
1593 2271 1597 2276 .

401 2406 412 2438 1
439 2385 486 2450 Ὡς
498 2378 547 2450 ἐξ
533 2409 561 2455 ης
571 2391 620 2441 τῶν
628 2386 781 2459 πραγμάτων
792 2383 948 2486 ἀμωσγέπως
959 2381 1079 2459 εἴχομεν’
1070 2387 1194 2458 εμπειρίας
1205 2385 1369 2458 corrigebat
1381 2386 1555 2458 Stephanus,

469 2470 504 2530 ὡς
519 2488 545 2520 εκ
558 2487 599 2534 της
614 2466 835 2566 τωνπραγμάτων,
849 2487 878 2534 ης
891 2462 1046 2538 αμωογέπω
1060 2465 1170 2539 ειγομεν,
1182 2486 1278 2538 εμπειρ
1280 2487 1308 2530 ας
1319 2483 1411 2540 marg
1424 2467 1554 2526 Lambin

470 2549 504 2610 ὡς
528 2544 554 2601 ἐκ
576 2552 625 2601 τῶν
644 2546 806 2619 πραγμάτων,
830 2540 864 2600 ὦν
885 2542 1041 2620 ἀμωσγέπως
1056 2545 1154 2619 εἴχομεν
1174 2542 1300 2618 ἐμπειρίαν
1316 2545 1556 2619 111111111,11γ1-

505 2626 687 2700 tenbachius,
704 2627 820 2695 Comes,

470 2709 504 2770 ὡς
523 2704 549 2759 ἐκ
564 2712 613 2760 τῶν
632 2726 796 2778 πραγματων,
817 2700 852 2760 ὧν
872 2702 974 2778 ἀμωσγέ
975 2725 1028 2768 πως
1048 2703 1147 2778 εἴχομεν
1167 2702 1303 2780 ἐμπειρίας,
1327 2706 1432 2780 (accus,
1454 2707 1529 2779 plur.
1534 2707 1554 2780 ),

507 2783 679 2840 ἐπακολουθεῖν
695 2784 735 2838 διὰ
747 2787 835 2847 ταύτας
852 2785 1034 2842 Schaeserus.

401 2889 414 2918 ν
436 2866 506 2924 Mihi
521 2865 636 2938 quidem
651 2864 707 2921 loci
723 2866 886 2937 corruptela
902 2866 1030 2922 nondum
1046 2863 1074 2920 11
1092 2865 1223 2922 confesso
1237 2867 1291 2922 est.
1313 2865 1343 2922 Si
1359 2866 1556 2938 1111111111-

472 2947 551 3016 dum,
567 2945 667 3001 malim
680 2946 780 3002 abesse
794 2944 835 2998 aa
850 2951 937 3001 ταῦτα.
957 2965 968 2998 r

329 3093 421 3160 Haec
443 3091 583 3180 Carolus
607 3090 752 3156 Sintenis
780 3111 786 3155 :
813 3092 865 3156 oui
890 3111 1014 3156 morem
1041 3072 1159 3176 gerens
1183 3089 1286 3157 codex
1309 3091 1338 3158 N
1362 3090 1463 3157 verba
1493 3093 1557 3158 ista

329 3198 533 3269 incommoda
552 3199 596 3265 διὰ
613 3212 699 3265 ταῦτα
713 3197 864 3266 exsulare
880 3197 989 3285 jubet,
1011 3179 1152 3282 quorum
1168 3198 1203 3262 iu
1222 3197 1331 3263 locum
1350 3197 1473 3284 optime
1488 3199 1557 3288 suf-

330 3307 399 3374 licit
417 3306 450 3374 δι’
472 3309 551 3372 α’ντά.
575 3305 747 3389 Ceteroqui
769 3303 990 3370 confitendum
1009 3304 1061 3370 est
1084 3305 1173 3394 viros
1197 3305 1287 3393 naris
1309 3307 1481 3373 emunctae
1503 3309 1557 3374 Ja-

329 3415 445 3482 cobum
462 3412 594 3491 Reiske,
612 3412 724 3477 Daniel
739 3411 981 3497 Wyttenbach,
998 3409 1235 3478 Adamantium
1249 3412 1387 3480 Coraem
1407 3434 1477 3480 rem
1495 3435 1556 3481 acu

329 3522 489 3606 tetigisse.
516 3517 644 3583 Etenim
671 3519 800 3603 saepius
824 3538 934 3604 gnaro
961 3519 1072 3585 critico
1096 3540 1162 3585 non
1188 3522 1234 3587 ita
1257 3519 1492 3608 desperandum
1517 3522 1556 3587 de

331 3626 471 3693 veritate
489 3623 666 3692 divinando
686 3625 910 3693 nanciscenda.
996 3703 1001 3709 ι

374 3789 430 3857 22.
456 3788 510 3856 Nil
535 3777 703 3854 moramur
730 3788 885 3856 mendum
911 3790 1023 3856 ortum
1047 3810 1065 3856 e
1092 3791 1221 3877 syllaba
1243 3791 1337 3858 oculo
1357 3791 1496 3874 scribae,
1518 3793 1556 3858 ut

331 3897 382 3980 fit,
407 3897 540 3984 gemina
559 3897 642 3964 visa.

374 4054 431 4121 23.
457 4056 603 4121 Rursum
631 4056 742 4122 autem
769 4054 866 4141 paulo
899 4055 1037 4121 inferius
1065 4057 1217 4122 accurate
1244 4057 1295 4122 est
1323 4056 1558 4123 consideranda

331 4161 492 4246 quaedam
511 4161 628 4228 codicis
646 4162 676 4229 N
695 4163 728 4228 in
746 4162 817 4229 loco
835 4165 891 4247 qui
910 4163 999 4228 nullo
1013 4163 1094 4229 vitio
1113 4161 1266 4230 laborare
1283 4163 1469 4246 videbatur,
1492 4163 1558 4230 dis·

331 4271 500 4355 crepantia
518 4269 711 4356 scripturae.
735 4273 873 4357 Legitur
891 4272 976 4334 euim
997 4271 1029 4334 in
1049 4271 1200 4336 omnibus
1225 4272 1317 4337 libris
1340 4293 1347 4337 :
1372 4271 1412 4336 Ἡ
1436 4276 1466 4340 δὲ
1489 4277 1558 4359 πρὸς

331 4389 409 4442 τοῦτο
420 4380 526 4459 μελέτη
537 4382 584 4444 καὶ
596 4382 712 4459 ἄσκησις
726 4379 776 4444 οὐκ
790 4380 918 4465 εὐχερής,
928 4375 997 4444 ἀλλ’
1008 4375 1102 4444 οἷστισι
1113 4385 1218 4445 πλείων
1232 4406 1263 4445 τε
1278 4382 1370 4466 σχολὴ
1385 4384 1450 4445 κτλ.
1458 4430 1466 4460 ,
1475 4379 1496 4444 ἰ.
1507 4399 1534 4446 e.
1547 4398 1555 4444 ἰ

333 4481 498 4548 Studium
508 4487 546 4548 in
561 4483 625 4548 boo
639 4487 673 4548 ct
688 4486 899 4549 eweroitatc'o
915 4504 987 4550 ooo
1001 4485 1166 4570 empeda'ta
1181 4487 1336 4570 quidem,
1349 4488 1426 4552 aiei
1436 4485 1558 4570 quitus

364 4717 387 4768 1.
405 4718 438 4770 V.
450 4721 548 4771 1111111
558 4721 686 4784 critique
696 4722 843 4772 d'bistoire
852 4728 879 4772 et
890 4723 925 4772 de
936 4723 1110 4784 litterature,
1124 4739 1150 4774 1.
1164 4677 1271 4786 1.,1.111
1285 4723 1376 4785 118801,
1392 4724 1557 4790 11231111.
