3568 5472
350 1761 495 1836 Quorum
519 1757 730 1823 stemmatum
755 1756 955 1824 alterutrum
979 1756 1098 1822 salsum
1128 1775 1200 1822 esse
1232 1756 1336 1841 patet,
1363 1757 1427 1820 nisi
1453 1754 1539 1820 forte

307 1866 389 1932 liber
410 1865 440 1932 N
463 1863 504 1930 ad
529 1884 632 1951 genus
652 1865 791 1930 istorum
810 1865 954 1951 pertinet
976 1865 1124 1931 eodioum
1145 1884 1227 1948 quos
1250 1865 1384 1930 mr'ootos
1403 1863 1534 1929 vocant.
1664 1940 1668 1946 .

305 1971 400 2047 Quod
419 1972 549 2056 quidem
568 1992 642 2039 oum
663 1971 732 2058 jam
755 1973 861 2058 primo
885 1971 1040 2058 adspectu
1063 1991 1179 2058 parum
1203 1971 1248 2036 sit
1270 1971 1460 2050 verisimile,
1485 1970 1537 2036 vi·
1657 2033 1661 2040 .

306 2077 451 2145 dendum
468 2079 518 2144 est
537 2079 647 2144 omnia
666 2099 763 2164 quam
779 2081 868 2146 reote
887 2067 1013 2146 anobis
1031 2100 1132 2165 supra
1150 2077 1416 2164 sintdisputata.

351 2187 421 2252 Hoc
435 2186 551 2252 notatu
566 2185 722 2273 dignum:
737 2209 778 2254 ne
790 2208 893 2254 unum
906 2188 1036 2273 quidem
1048 2187 1189 2254 alterum
1202 2185 1388 2272 exemplum
1395 2183 1489 2249 nobis
1498 2181 1537 2249 fit

307 2293 440 2360 obviam
455 2293 529 2360 vitii
545 2294 647 2360 codici
660 2293 691 2362 N
705 2315 779 2361 oum
797 2294 1089 2382 Pseudo-Appiano
1104 2293 1297 2374 eommunis,
1314 2311 1429 2358 verum
1443 2290 1536 2356 exhi·
1616 2282 1627 2290 ’

305 2401 403 2467 bonte
421 2399 559 2487 vulgata
577 2398 762 2484 lectionem,
781 2403 845 2468 nisi
861 2406 1072 2491 ἑπικαρτερῆααι
1087 2400 1201 2488 (paulo
1215 2401 1291 2467 ante
1305 2398 1422 2486 eapitis
1438 2395 1535 2463 XXII

306 2506 419 2590 finem)
440 2507 525 2591 quod
544 2507 722 2575 doctissimi
736 2509 878 2576 editores
893 2530 954 2596 pro
969 2515 1008 2576 ἔτι
1025 2524 1192 2598 καρτερῆσαι
1205 2510 1266 2595 (sio
1281 2505 1383 2593 uulgo
1398 2505 1536 2592 legitur)

308 2614 460 2681 mendose
481 2615 638 2702 scriptum
657 2618 774 2703 putant
791 2633 810 2682 ε·
948 2700 950 2706 ,
1003 2612 1031 2710 Ἰ
1220 2609 1241 2662 ῑ

349 2750 405 2816 76.
437 2748 474 2815 Ὁ
494 2752 525 2816 δὲ
543 2747 692 2839 ’Άγίαρος
710 2748 779 2840 ἀνὴρ
803 2749 841 2819 ὢν
860 2759 989 2831 ποικίλος
1007 2755 1129 2830 ἐκείνους
1147 2753 1198 2835 μὲν
1222 2756 1382 2818 ὑποπίπτων
1403 2750 1536 2834 ἐθάρρυνε

222 2855 224 2860 ’
305 2859 352 2923 καί
365 2860 522 2944 παρεκάλει
535 2862 633 2946 μικρὸν
652 2861 875 2947 ἑπικαρτερῆοαι.
895 2860 962 2926 Cur
977 2863 1188 2948 ἑπικοιρτερῆοαι
1202 2857 1376 2946 rejiciatur
1390 2855 1536 2921 scriben-

306 2963 449 3053 dumque
466 2966 509 3031 sit
528 2969 567 3031 ἔτι
584 2980 752 3055 καρτερῆσαι
770 2987 844 3033 oum
864 2967 1002 3054 vulgata
1015 2967 1143 3032 nullam
1158 2967 1239 3032 satis
1255 2965 1382 3052 justam
1401 2982 1535 3029 oausam

305 3073 445 3159 reperio.
462 3071 550 3138 Casu
564 3072 695 3156 quidem
709 3074 821 3140 evenit
834 3074 873 3139 ut
883 3094 973 3140 nuno
987 3073 1077 3139 nulio
1090 3074 1155 3139 alio
1169 3070 1239 3138 loeo
1250 3071 1450 3157 scriptorum
1460 3089 1537 3136 vere

306 3180 517 3264 antiquorum
531 3199 570 3244 ea
582 3199 648 3246 vox
661 3182 836 3268 appareat;
852 3180 907 3247 sed
922 3201 1026 3266 neque
1041 3182 1122 3246 male
1137 3179 1195 3247 aut
1208 3181 1347 3247 barbare
1357 3177 1537 3277 composita

306 3285 358 3352 est
371 3286 404 3351 et
422 3285 521 3352 semel
539 3287 657 3354 saltem
677 3309 711 3355 se
732 3287 828 3355 offert
843 3292 878 3354 in
893 3288 1004 3355 libello
1017 3291 1069 3355 De
1085 3291 1290 3356 velitatione
1303 3287 1428 3352 bellica
1442 3284 1536 3351 Nioe-
1608 3277 1610 3285 ’

308 3390 412 3479 phoro
425 3392 555 3458 Phooae
568 3393 705 3474 tribute,
722 3416 754 3482 p.
773 3396 868 3462 1590
886 3416 893 3460 ε
918 3397 956 3462 Εἰ
974 3397 1005 3462 δὲ
1025 3379 1099 3484 ὁρᾷςΙ
1111 3397 1210 3473 αὖτοὺς
1230 3398 1536 3480 ἑπικαρτεροϋντοις

307 3473 402 3588 κοίτῃ
421 3505 570 3591 πολιορκίᾳ
588 3504 777 3586 ἐπιμένοντας,
796 3500 881 3588 quod
897 3502 945 3568 ita
960 3483 1198 3589 interpretatus
1212 3485 1262 3567 est
1276 3499 1415 3569 Carolus
1431 3500 1537 3565 Bene·

308 3605 415 3670 dictus
435 3605 535 3686 Base,
557 3606 609 3671 vir
628 3606 836 3674 doctissimus
858 3626 866 3673 :
890 3631 909 3673 ιι
929 3608 993 3674 Ubi
1012 3608 1085 3674 illos
1104 3606 1372 3694 perseverantius
1396 3607 1430 3672 in
1450 3608 1535 3674 obsi·

309 3711 404 3778 dione
423 3732 626 3797 permanere,
649 3714 749 3780 eto.»

352 3819 426 3884 Jam
447 3819 566 3904 prioris
585 3821 769 3886 stemmatis
795 3821 975 3888 auotoritas
994 3819 1086 3887 nulla
1105 3839 1175 3886 esse
1196 3819 1339 3901 videtur,
1361 3819 1397 3885 at
1420 3820 1536 3887 contra

308 3923 391 3990 nihil
410 3924 521 3993 obstat
533 3927 612 4012 quin
629 3928 771 3993 alterum
784 3928 823 3994 ut
836 3949 953 3996 verum
967 3929 1177 4015 accipiamus.
1195 3928 1323 4013 Itaque,
1340 3929 1538 4014 propositio·¹
1595 3913 1599 3922 ¹

309 4033 405 4098 nibus
422 4033 483 4100 sub
502 4035 517 4100 I
535 4033 700 4101 collocatis
720 4035 857 4123 integris
875 4035 1155 4123 permanentibus,
1178 4036 1212 4100 in
1227 4035 1336 4101 locum
1349 4035 1534 4102 ceterarum

309 4139 539 4240 dispositarum
554 4141 616 4208 sub
631 4143 663 4208 II
677 4143 739 4224 hae
757 4143 873 4211 leviter
891 4143 1038 4210 mutatae
1055 4163 1093 4210 ac
1111 4141 1277 4210 stemmati
1294 4140 1392 4208 alteri
1410 4163 1533 4210 aooom·

179 4255 189 4276 ⁶
309 4235 459 4315 modatae
478 4248 644 4316 subeunt:

280 4371 283 4376 ·
352 4357 394 4421 II.
422 4356 455 4440 1)
475 4355 510 4422 Si
530 4358 640 4444 peooat
658 4357 796 4446 vulgata
814 4359 895 4439 sola,
913 4359 999 4426 inter
1013 4357 1046 4426 o‘
1060 4360 1096 4426 et
1109 4359 1133 4425 d
1146 4313 1333 4445 ingrdssum
1347 4359 1398 4425 est
1410 4358 1444 4424 in
1458 4377 1535 4425 oon-

308 4461 438 4529 textum
456 4464 622 4530 mendum.
641 4466 679 4552 ¹2)
699 4466 734 4533 Si
749 4485 827 4536 vero
843 4467 873 4535 N
894 4488 962 4534 una
977 4487 1052 4534 eum
1068 4466 1218 4555 vulgata,
1237 4466 1324 4532 inter
1341 4466 1409 4533 bet
1426 4465 1470 4532 α’.
1488 4467 1534 4532 De

308 4570 346 4635 3α
360 4571 394 4636 et
412 4567 514 4638 3⁵11ss
531 4573 621 4639 novi.

290 4779 293 4785 ι
352 4677 431 4744 Inde
449 4678 564 4748 confici
587 4681 695 4770 potest
717 4703 834 4751 norma
855 4683 960 4764 uerte,
982 4683 1010 4750 si
1033 4698 1099 4770 qua
1121 4683 1197 4764 alia,
1222 4682 1263 4750 ad
1284 4681 1413 4750 textum
1432 4680 1533 4769 hujus
1647 4770 1664 4783 -
