3568 5472
513 484 558 531 uu
583 482 773 532 rnurnncnr
796 481 912 530 comcu
935 481 1150 532 ursanensi.
1404 470 1446 533 47

221 607 384 674 faciendas
403 587 568 686 existimo,
586 606 641 673 sed
658 626 770 674 omnes
789 625 877 673 nunc
896 607 1029 690 exsequi
1047 605 1182 692 longum
1195 608 1293 676 esset.
1309 610 1360 676 Ex
1375 613 1447 695 qui·
1557 683 1559 688 ,

178 795 180 797 ι
220 713 282 780 bus
297 714 368 801 jam
387 733 509 800 paucas
525 733 644 798 easque
662 717 804 779 maxime
822 713 863 779 ad
881 734 936 779 res
960 714 1068 800 gestas
1093 715 1127 779 et
1149 716 1281 781 nomina
1298 717 1447 784 virorum

220 819 408 888 locorumve
421 821 615 906 spectantes,
627 821 772 904 reliquas
786 821 820 886 in
832 820 920 886 aliud
935 822 1064 907 tempus
1078 841 1266 899 reservans,
1283 823 1443 890 delibabo.

790 1029 812 1110 g
837 1045 873 1092 11.

401 1185 539 1286 Variae
559 1184 738 1252 lectiones
759 1183 806 1248 ad
825 1178 1022 1247 historiam
1042 1189 1266 1265 spectantes.

266 1347 340 1414 109.
366 1349 532 1424 Quaedam
559 1349 739 1428 immerito,
772 1351 811 1415 ut
837 1348 980 1430 videtur,
1010 1349 1043 1413 in
1074 1349 1211 1434 vulgata
1239 1349 1445 1437 Theopompo

218 1453 424 1536 tribuuntur,
444 1475 528 1541 quae
553 1476 595 1521 ex
618 1455 855 1541 Theophrasto,
876 1454 961 1521 teste
981 1454 1090 1521 codice
1107 1454 1149 1531 N,
1178 1454 1292 1521 hausit
1314 1457 1447 1524 Plutar-

218 1557 333 1625 chus¹.

263 1668 314 1732 lto
332 1666 510 1748 Demosth.
527 1670 587 1736 vit.
606 1690 635 1735 c.
652 1670 751 1736 XXV
766 1669 866 1755 vulgo
880 1669 1003 1755 legitur
1023 1690 1030 1734 τ
1052 1670 1126 1735 Τότε
1144 1671 1194 1752 μὲν
1214 1667 1259 1736 οὖν
1279 1668 1446 1758 ἀπέπεμψαν

218 1777 251 1846 ἐκ
269 1789 319 1859 τῆς
336 1781 449 1854 πόλεως
466 1781 513 1842 τδν
531 1772 683 1863 Ἅρπαλον
708 1804 715 1817 ·
743 1783 862 1854 δεδιότες
886 1779 916 1842 δὲ
941 1779 980 1860 μὴ
999 1782 1087 1860 λύγον
1109 1774 1275 1842 ἀπαιτῶνται
1294 1783 1445 1865 χρημάτων

218 1873 256 1946 ὧν
275 1885 460 1969 διηρπάκεσαν
478 1889 502 1948 οί
516 1891 642 1970 ῥήτορες,
659 1891 769 1967 ζήτησιν
785 1886 925 1950 ἐποιοῦντο
940 1885 1066 1967 νεανικὴν
1086 1888 1133 1950 καί
1151 1882 1201 1961 τὰς
1220 1885 1308 1962 οἰκίας
1323 1888 1446 1964 ἐπιόντες

217 1990 351 2074 ἠρεύνων,
368 1993 442 2073 πλὴν
456 2005 506 2072 τῆς
521 1991 725 2068 Καλλικλέους
736 2005 784 2057 τού
803 1989 975 2077 Ἀρρενίδου.
994 1991 1093 2071 Μύνην
1108 1989 1163 2076 γὰρ
1175 1993 1225 2074 τὴν
1239 1999 1333 2058 τούτου
1348 2000 1445 2060 νεωστί

216 2104 412 2182 γεγαμηκότος
437 2100 487 2163 ούκ
512 2105 605 2164 είασαν
629 2103 811 2184 ἐλεγχθῆναι,
833 2105 939 2183 νύμρης
964 2102 1041 2163 ἐ’νδον
1060 2102 1154 2179 ούσης,
1185 2103 1224 2174 ὡς
1249 2105 1349 2185 ἱστορεῖ
1367 2101 1443 2167 Θεό-

217 2231 338 2286 πομπος.
367 2203 581 2272 Scribendum
610 2206 720 2271 autem
744 2225 819 2270 cum
846 2204 930 2269 libro
953 2204 1142 2270 Matritensi
1160 2225 1167 2270 :
1188 2215 1243 2271 τῶν
1259 2206 1445 2293 χρημάτωνᾶ

216 2315 423 2398 διηρπάκεισαν,
441 2312 475 2377 et
496 2331 503 2376 τ
522 2315 597 2397 πλὴν
611 2328 661 2394 της
676 2314 880 2389 Καλλικλέους
893 2325 939 2377 τοῦ
962 2310 1121 2398 Ἀρρενίδου
1137 2317 1223 2394 μόνης
1241 2341 1247 2354 ·
1264 2315 1313 2396 τὴν
1333 2317 1363 2380 δὲ
1379 2319 1443 2379 τού-

216 2446 262 2485 του
276 2425 357 2502 κτλ.,
374 2426 480 2505 νύμφης
494 2425 577 2501 ούσης
591 2425 680 2500 ἔνδον,
699 2424 737 2497 ὡς
754 2426 855 2506 ἱστορεῖ
871 2420 1101 2504 Θεόφραστος.
1121 2419 1277 2483 «Fertur
1291 2419 1443 2502 aureolus
1476 2481 1479 2488 .

215 2524 433 2612 Theophrasti
460 2524 541 2591 liber
564 2526 615 2590 De
640 2528 779 2610 nuptiis
800 2546 831 2604 ν,
857 2524 943 2590 dixit
961 2524 1182 2610 Hieronymus
1206 2527 1239 2590 in
1258 2525 1317 2592 lib.
1339 2528 1445 2613 primo

216 2631 377 2699 adversus
397 2633 606 2699 Jovinianum
630 2636 676 2719 (p.
701 2631 765 2698 189
788 2652 859 2716 sqq.
881 2632 960 2697 edit.
986 2633 1092 2697 Paris.
1115 2653 1169 2699 an.
1197 2633 1294 2708 1702,
1323 2632 1348 2697 t.
1379 2633 1441 2710 IV,

214 2740 301 2831 part.
318 2742 368 2824 ιι).
386 2740 438 2806 Ad
452 2761 547 2826 quem
563 2740 685 2806 librum
705 2739 869 2807 referebat
887 2739 1081 2806 Fredericus
1098 2740 1208 2805 Osann
1225 2741 1291 2822 (De
1307 2739 1440 2804 condit.

214 2848 335 2913 eoeh'b.
352 2848 396 2930 ΙΙ,
409 2870 440 2935 p.
457 2849 491 2932 9)
503 2847 708 2914 hunclocum
722 2848 863 2934 Apesc't.
876 2847 937 2913 vit.
956 2849 1042 2932 (cap.
1058 2847 1104 2930 11)
1123 2867 1129 2911 :
1149 2845 1204 2924 Ὡς
1219 2849 1249 2913 δὲ
1264 2847 1444 2932 Θεόφραστος

215 2961 323 3041 ἱστορεῖ,
345 2960 391 3022 τὸν
412 2955 584 3044 Ἀρχίδαμον
603 2959 758 3039 ἐζημίωσαν
777 2963 801 3023 οἱ
821 2961 912 3043 ἔφοροι
926 2963 1055 3040 γήμαντα
1073 2965 1191 3039 γυναῖκα
1210 2956 1330 3041 μικράν·
1356 2974 1375 3018 <<
1396 2954 1439 3018 Οθ

214 3062 269 3148 γὰρ
288 3067 423 3146 βασιλεῖς,
446 3069 560 3150 ἔφασαν,
582 3069 680 3146 ἄμμιν,
704 3061 783 3129 ἀλλὰ
802 3068 958 3143 βασιλείδια
977 3064 1114 3146 γεννάσει.
1134 3083 1152 3125 ν

258 3168 354 3234 Hand
368 3171 466 3236 semel
482 3171 614 3238 tantum
625 3170 842 3257 Theophrasti
870 3169 1060 3235 testimonio
1078 3169 1114 3232 in
1134 3168 1358 3233 Demosthenis
1373 3169 1442 3233 vita

215 3276 321 3342 utitur
338 3276 549 3359 Plutarchus,
572 3298 626 3343 ex.
654 3299 704 3364 gr.
728 3297 799 3364 cap.
822 3277 932 3354 XVII,
959 3275 1017 3341 ubi
1032 3295 1106 3341 cum
1126 3274 1233 3341 codice
1252 3274 1282 3341 N
1306 3273 1443 3360 vulgata

214 3385 399 3450 consentit:
420 3381 494 3451 Ὅτε
512 3390 560 3451 καί
579 3412 641 3471 φησι
666 3385 856 3472 Θεόφραστος,
882 3382 1030 3462 ἀξιούντων
1055 3391 1109 3448 τῶν
1130 3385 1282 3468 συμμάχων
1304 3389 1442 3469 ὁρισθῆναι

213 3492 263 3569 τὰς
286 3493 423 3579 είσροροίς,
454 3493 538 3558 εἰπεῖν
564 3493 722 3580 Κρωύύλον
749 3496 796 3558 τὸν
824 3497 1006 3577 δημαγωγόν,
1029 3495 1068 3568 ὡς
1092 3492 1121 3557 ού
1146 3496 1302 3575 τεταγμένα
1331 3502 1441 3555 σιτεῖται

213 3603 349 3681 πόλεμος.

257 3704 305 3769 At
318 3704 432 3770 contra
446 3724 517 3792 cap.
534 3705 566 3769 X
584 3705 673 3771 solus
691 3705 836 3772 codexN
853 3705 893 3770 ad
913 3704 1187 3790 Theophrastum
1206 3702 1309 3769 ceteri
1328 3723 1440 3768 omncs

212 3810 339 3878 codices
358 3812 399 3877 ad
413 3812 643 3899 philosophum
662 3813 851 3878 Aristonem
867 3812 998 3893 Chium,
1022 3811 1192 3897 Polyeucti
1207 3810 1368 3895 quoddam
1389 3831 1442 3874 re-

213 3916 325 3984 ferunt
344 3918 383 3984 de
401 3919 617 3986 Demosthene
631 3921 664 3986 et
676 3920 838 4008 Phocione
853 3919 1012 4006 judicium
1036 3939 1043 3982 :
1068 3917 1203 4005 Ἀρίστων
1223 3918 1247 3984 δ’
1269 3925 1283 3984 ὁ
1303 3920 1376 3995 Χῖος
1393 3923 1440 3984 καί

212 4031 390 4118 Θεορροίστου
415 4029 475 4096 τινα
494 4030 577 4108 δόξαν
596 4035 722 4116 ἱστόρηκε
740 4032 802 4115 περί
820 4036 874 4094 τῶν
898 4033 1032 4114 ρητόρων.
1062 4025 1256 4113 Ἑρωτηθέντα
1273 4025 1328 4112 γὰρ
1346 4031 1441 4102 ὁποῖὸς

211 4167 252 4218 τις
266 4141 339 4227 αύτῷ
356 4144 476 4224 ραίνεται
490 4145 581 4225 ῥήτωρ
601 4144 615 4202 δ
636 4138 829 4221 Δημοσθένης,
853 4137 949 4218 εἰπεῖν,
968 4133 1071 4214 Ἄξιος
1089 4149 1139 4217 της
1157 4140 1281 4216 πίλεως,
1299 4139 1393 4208 ὁποῖος
1409 4137 1440 4197 δέ

211 4272 252 4323 τις
270 4253 284 4311 δ
309 4246 370 4329 (sic
388 4245 418 4311 N
446 4265 453 4310 2
479 4251 574 4323 ὁποῖος
597 4248 627 4312 δὲ
651 4244 761 4330 vulg.)
783 4245 931 4327 Δημάδης,
958 4241 1047 4329 Ὑπὲρ
1066 4245 1115 4326 τἠν
1134 4247 1228 4308 πόλιν.
1256 4239 1293 4306 Ὁ
1312 4238 1336 4305 δ’
1358 4241 1440 4315 atta

211 4353 390 4440 Θεόφραστος
410 4353 482 4436 (sic.
509 4352 568 4419 N:
591 4353 683 4437 vulg.
706 4350 867 4436 ριλύτορος)
888 4350 1069 4431 Πολύευκτον
1094 4355 1196 4435 ἱστορεῖ
1217 4351 1263 4414 τδν
1288 4349 1435 4432 Σρήττιον,

242 4629 265 4678 1.
281 4629 376 4679 Utrum
398 4628 560 4678 Plutarchus
578 4644 609 4678 ex
627 4627 753 4692 operibus
774 4624 843 4690 ipsis
861 4623 982 4674 hauserit
999 4623 1177 4687 Theophrasti
1192 4636 1226 4671 an
1246 4636 1276 4669 ex
1292 4619 1438 4670 recentiore

210 4699 300 4764 aliquo
327 4699 457 4765 scriptore
478 4697 524 4763 qui
549 4698 605 4764 ipse
628 4698 845 4762 Theophrastum
868 4693 989 4758 aliosque
1016 4692 1204 4756 decerpsisset,
1232 4690 1258 4740 in
1286 4689 1438 4756 praesentia

204 4771 248 4820 nil
261 4787 334 4821 curo.
