3568 5472
334 418 357 482 2
851 435 881 480 C.
908 435 1037 484 GRAUX.

335 557 484 646 partibus
502 556 643 624 constat.
665 559 748 624 Pars
767 557 858 644 prior
871 559 1029 642 quattuor
1043 559 1136 646 paria
1149 559 1305 626 Vitarum
1323 559 1559 626 Parallelarum

335 666 489 750 (quorum
502 666 645 752 primum
659 663 765 747 initio,
779 664 934 750 quartum
950 664 1014 732 fine
1028 667 1078 732 est
1091 665 1245 732 mutilum
1254 663 1279 751 ¹)
1294 667 1440 733 continet
1453 667 1556 738 haec:

458 851 485 907 1.
506 849 607 907 Niciae
622 853 651 907 et
664 849 773 922 Crassi,
973 850 1000 909 3.
1022 850 1225 908 Demosthenis
1239 854 1268 908 et
1283 851 1441 919 Ciceronis
1470 847 1471 852 ’

458 931 484 986 2.
505 929 664 988 Alcibiadis
678 933 707 987 et
722 931 880 998 Coriolani,
976 929 1002 987 l.
1022 931 1149 1004 Agesilai
1165 934 1193 988 et
1207 931 1350 1007 Pompeii;

332 1099 494 1187 posterior
515 1101 625 1184 autem
646 1099 752 1166 vitam
775 1100 931 1166 Demetrii
950 1100 1060 1185 (initio
1081 1099 1324 1185 aliquantulum
1344 1101 1507 1186 mancam)
1527 1102 1560 1167 et

332 1207 482 1287 Antonii,
502 1207 627 1293 Pyrrhi
644 1208 678 1273 et
696 1207 805 1288 Marii,
822 1207 933 1287 Arati,
950 1207 1163 1288 Artaxerxis,
1180 1207 1298 1294 Agidis
1313 1207 1560 1294 Cleomenisque

331 1314 365 1380 et
379 1313 614 1395 Gracchorum,
631 1315 777 1401 Lycurgi
789 1313 824 1379 et
838 1315 977 1396 Numae,
994 1312 1161 1400 Lysandri
1175 1314 1208 1380 et
1222 1314 1330 1380 Sullae
1345 1316 1443 1400 (quae
1457 1315 1558 1380 etiam

331 1420 450 1487 ultima
467 1421 538 1486 vita
556 1419 621 1486 line
639 1422 757 1506 caret).
779 1421 928 1508 Utraque
950 1441 1028 1487 sane
1046 1421 1165 1488 codicis
1189 1441 1266 1507 pars
1285 1421 1416 1488 saeculo
1441 1422 1559 1508 quarto

331 1528 456 1594 decimo
478 1529 617 1594 exarata
639 1549 710 1595 esse
733 1529 879 1608 videtur,
905 1528 960 1594 sed
980 1528 1134 1594 dissimili
1147 1529 1278 1595 constat
1291 1528 1426 1595 chartae
1441 1530 1556 1616 specie,

330 1655 437 1721 neque
461 1636 633 1721 utriusque
657 1636 764 1722 partis
788 1636 952 1722 scriptura
980 1635 1021 1702 ab
1052 1657 1119 1702 una
1150 1636 1327 1721 eademque
1356 1655 1457 1702 manu
1485 1657 1559 1722 pro-

330 1741 415 1808 fecta
441 1743 503 1810 est.
536 1742 621 1809 Sunt
651 1763 732 1810 vero
759 1744 900 1810 duorum
927 1741 1113 1829 fragmenta
1141 1743 1306 1824 codicum,
1338 1743 1456 1828 quibus
1480 1763 1558 1809 casu

328 1849 437 1934 aliquo
457 1850 569 1915 evenit
591 1849 684 1915 utin
708 1871 813 1916 unum
836 1869 953 1935 corpus
979 1849 1279 1935 compingerentur.
1300 1850 1442 1916 Prorsus
1462 1849 1558 1915 nihili

329 1955 475 2043 putanda
498 1956 550 2022 est
572 1956 691 2024 codicis
714 1976 793 2043 pars
821 1956 937 2022 altera.
964 1955 1010 2021 At
1026 1957 1144 2038 contra
1163 1955 1301 2023 maximi
1324 1976 1395 2022 esse
1416 1957 1559 2043 priorem

329 2061 411 2128 mihi
430 2063 633 2150 propositum
653 2062 703 2129 est
722 2064 761 2128 ut
783 2062 1015 2130 demonstrem.
1039 2063 1218 2129 Brevitatis
1232 2082 1336 2150 'causa
1355 2062 1488 2129 notetur
1506 2061 1559 2128 lit·

279 2235 282 2244 ,
328 2168 402 2265 tera
419 2169 449 2236 N
469 2169 588 2236 codicis
606 2170 810 2236 Matritensis
828 2190 904 2258 pars
924 2169 981 2236 illa
1004 2170 1136 2251 melior,
1157 2169 1251 2256 cujus
1276 2168 1505 2236 tantummodo
1524 2170 1558 2234 in

328 2274 392 2340 hac
409 2274 644 2342 dissertatione
671 2275 757 2342 ratio
778 2276 967 2343 habebitur.
992 2278 1068 2343 lam
1093 2276 1136 2343 ad
1160 2276 1190 2344 N
1214 2276 1333 2344 codicis
1355 2276 1558 2362 probandam

328 2381 507 2450 bonitatem
523 2384 741 2470 accingimur.
828 2390 830 2394 ’
1321 2407 1324 2414 ’

931 2596 957 2662 Ι.

341 2749 345 2758 ’
372 2772 523 2839 Primum
548 2772 663 2858 igitur,
686 2772 723 2837 ut
744 2771 774 2837 N
797 2771 916 2838 codicis
942 2769 1039 2837 fidem
1059 2768 1279 2857 explorarem,
1301 2772 1445 2857 quinque
1466 2773 1557 2841 vitae

327 2880 571 2956 Demosthenis
589 2880 696 2965 capita
714 2878 827 2946 sedulo
845 2878 984 2945 contuli.
1003 2877 1105 2959 Quae,
1122 2878 1269 2943 adhibita
1283 2877 1431 2945 lectionis
1445 2881 1480 2946 in
1495 2879 1556 2945 hoc

326 2986 412 3052 libro
430 2986 660 3072 discrepantia,
682 2985 769 3053 haud
790 2986 889 3073 paulo
907 2986 1121 3071 castigatiora
1143 2986 1293 3071 protinus
1313 2984 1395 3050 mihi
1418 2985 1556 3053 evadere

327 3094 402 3160 visa
419 3093 510 3159 sunt.
533 3092 606 3173 Sed,
623 3095 662 3159 ut
685 3093 793 3179 ipsum
814 3093 970 3160 lectorem
993 3091 1112 3157 faciam
1127 3091 1283 3178 judicem,
1303 3091 1505 3178 producatur
1524 3096 1556 3158 ἐκ

325 3205 515 3286 παραλλήλου
530 3199 653 3291 duplex
672 3200 952 3287 horum'capitum
967 3201 1127 3280 recensio,
1144 3219 1182 3264 eo
1201 3198 1358 3286 disposita
1376 3197 1556 3281 ordinant

326 3327 423 3374 voces
441 3305 570 3394 quidem
584 3308 613 3375 N
628 3307 729 3374 codici
741 3328 817 3374 cum
836 3307 976 3374 editione
991 3306 1215 3372 Sintenisiana
1228 3306 1353 3393 majore
1368 3325 1555 3374 communes

326 3412 427 3479 semel
437 3413 655 3495 excudentur,
669 3415 836 3480 variantes
847 3434 926 3480 vero
937 3414 1091 3480 lectiones
1101 3411 1292 3494 omnes,'iel
1302 3414 1564 3492 minutissimae,¹

326 3540 343 3588 e
362 3520 551 3586 Matritensi
573 3519 656 3585 libro
679 3520 836 3586 collectae
854 3520 968 3586 subter
988 3539 1038 3602 ea,
1055 3539 1196 3604 quorum
1213 3518 1320 3584 locum
1335 3519 1460 3599 tenent,
1482 3518 1576 3584 Sin-'

328 3628 487 3692 tenisiana
513 3625 627 3706 verba,
658 3627 895 3693 minutioribus
914 3647 1036 3694 excusa
1069 3625 1203 3706 litteris,
1240 3645 1367 3691 summa
1395 3623 1555 3691 fidelitate

325 3754 499 3821 expressae
524 3734 735 3801 collocentur.
763 3735 850 3802 Cum
876 3736 983 3815 enim,
1005 3733 1164 3799 laudabili
1181 3734 1311 3799 ratione
1340 3753 1398 3799 seu
1425 3737 1552 3819 μεθόδῳ,

325 3840 462 3909 Carolus
481 3840 627 3907 Sintenis
643 3841 789 3907 omnium
803 3841 959 3927 usquead
974 3841 1060 3906 hanc
1080 3839 1166 3906 diem
1181 3859 1394 3906 excussorum
1409 3836 1555 3904 codicum

325 3968 384 4034 ope
408 3969 487 4016 usus
506 3949 562 4030 sit,
585 3948 712 4034 quoties
730 3948 845 4015 noster
862 3949 893 4017 N
912 3947 1013 4015 codex
1032 3948 1176 4035 propriis
1199 3935 1392 4013 lectionibus
1414 3943 1555 4010 Sinteni-

326 4056 421 4122 siano
437 4048 556 4122 'textui
579 4057 636 4141 qui
659 4055 780 4122 dicitur
799 4055 1021 4142 praestiterit,
1049 4054 1149 4121 toties
1173 4051 1317 4141 profecto
1340 4053 1445 4119 totam
1467 4071 1555 4118 unus

324 4161 470 4234 codicum
498 4162 669 4245 familiam,
696 4163 724 4229 si
749 4163 840 4249 loqui
867 4162 944 4229 licet
971 4182 1061 4232 more
1092 4161 1351 4250 philologorum,
1382 4160 1554 4247 vulgarem

324 4269 448 4338 vincet.

327 4534 332 4538 .
355 4497 379 4546 l.
394 4498 492 4562 Incipit
508 4497 602 4546 lolium
617 4487 642 4558 2,
662 4497 732 4562 quod
745 4503 785 4549 est
797 4511 890 4547 revera
907 4497 1023 4561 primum
1037 4497 1147 4559 codicis,
1167 4497 1209 4546 his
1228 4495 1315 4546 verbis
1331 4512 1337 4546 :
1357 4497 1417 4547 δέκα
1431 4493 1553 4558 τριήρεσιν

323 4564 356 4617 ὧν
367 4568 443 4633 ἦρχεν
457 4569 531 4628 (Nic
541 4583 564 4619 c.
573 4567 670 4628 XXIV,
688 4566 879 4617 l.10editionis
893 4566 1091 4617 Sintenisianae
1102 4566 1234 4631 majoris).
1244 4593 1272 4602 -
1282 4565 1388 4615 Desinit
1398 4563 1555 4627 imperfecta

323 4640 453 4702 Aycsilai
462 4639 613 4702 Crassique
626 4638 799 4704 comparatio,
807 4636 981 4701 paucissimis
994 4644 1056 4689 ante
1068 4640 1147 4688 finem
1159 4637 1287 4698 versibus,
1295 4637 1340 4687 sol.
1349 4635 1395 4686 196
1405 4649 1480 4684 verso
1488 4632 1553 4695 imo,

323 4707 366 4758 his
379 4709 483 4760 ultimis
498 4709 609 4773 syllabis
623 4724 630 4760 ε
644 4711 831 4775 παραλογισθεὶς
845 4705 964 4762 &acervos
977 4714 1045 4776 (cap.
1061 4710 1097 4759 lV
1112 4725 1134 4760 s.
1147 4709 1203 4770 lin,
1217 4708 1236 4758 l.
1250 4707 1280 4758 47
1294 4707 1417 4767 Sintes).
