<?xml version="1.0" encoding="UTF-8"?>
<!DOCTYPE html PUBLIC "-//W3C//DTD XHTML 1.0 Transitional//EN"
    "http://www.w3.org/TR/xhtml1/DTD/xhtml1-transitional.dtd">
<html xmlns="http://www.w3.org/1999/xhtml" xml:lang="en" lang="en">
 <head>
  <title>
</title>
<meta http-equiv="Content-Type" content="text/html;charset=utf-8" />
  <meta name='ocr-system' content='tesseract 3.04.00' />
  <meta name='ocr-capabilities' content='ocr_page ocr_carea ocr_par ocr_line ocrx_word'/>
</head>
<body>
  <div class='ocr_page' id='page_1' title='image "./deplutarchicodi00graugoog/deplutarchicodi00graugoog_0064.png"; bbox 0 0 3568 5472; ppageno 0'>
   <div class='ocr_carea' id='block_1_1' title="bbox 530 479 1471 544">
    <p class='ocr_par' dir='ltr' id='par_1_1' title="bbox 530 479 1471 544">
     <span class='ocr_line' id='line_1_1' title="bbox 530 479 1471 544; baseline 0.013 -12"><span class='ocrx_word' id='word_1_1' title='bbox 530 488 573 536; x_wconf 84' lang='lat' dir='ltr'>uu</span> <span class='ocrx_word' id='word_1_2' title='bbox 599 487 785 536; x_wconf 77' lang='lat' dir='ltr'>rnuulncru</span> <span class='ocrx_word' id='word_1_3' title='bbox 809 487 925 537; x_wconf 79' lang='lat' dir='ltr'>eonion</span> <span class='ocrx_word' id='word_1_4' title='bbox 949 489 1166 540; x_wconf 78' lang='lat' dir='ltr'>unrnrnnusn.</span> <span class='ocrx_word' id='word_1_5' title='bbox 1421 479 1471 544; x_wconf 83' lang='grc'>55</span> 
     </span>
    </p>
   </div>
   <div class='ocr_carea' id='block_1_2' title="bbox 237 613 1467 702">
    <p class='ocr_par' dir='ltr' id='par_1_2' title="bbox 237 613 1467 702">
     <span class='ocr_line' id='line_1_2' title="bbox 237 613 1467 702; baseline 0.008 -27"><span class='ocrx_word' id='word_1_6' title='bbox 237 621 362 696; x_wconf 83' lang='grc' dir='ltr'>παρεῖναι</span> <span class='ocrx_word' id='word_1_7' title='bbox 385 615 433 677; x_wconf 81' lang='grc' dir='ltr'>καὶ</span> <span class='ocrx_word' id='word_1_8' title='bbox 456 619 579 692; x_wconf 79' lang='grc' dir='ltr'>μυεῖσθαι</span> <span class='ocrx_word' id='word_1_9' title='bbox 598 617 703 694; x_wconf 82' lang='grc' dir='ltr'>μύστας</span> <span class='ocrx_word' id='word_1_10' title='bbox 720 620 1022 699; x_wconf 85' lang='grc' dir='ltr'>προσαγορευομένους.</span> <span class='ocrx_word' id='word_1_11' title='bbox 1049 613 1104 680; x_wconf 91' lang='lat' dir='ltr'>Nil</span> <span class='ocrx_word' id='word_1_12' title='bbox 1123 613 1296 682; x_wconf 84' lang='lat' dir='ltr'><strong>absurdius</strong></span> <span class='ocrx_word' id='word_1_13' title='bbox 1321 619 1467 702; x_wconf 72' lang='lat' dir='ltr'>potuisse</span> 
     </span>
    </p>
   </div>
   <div class='ocr_carea' id='block_1_3' title="bbox 236 715 1579 811">
    <p class='ocr_par' dir='ltr' id='par_1_3' title="bbox 236 715 1579 811">
     <span class='ocr_line' id='line_1_3' title="bbox 236 715 1579 811; baseline 0.01 -31"><span class='ocrx_word' id='word_1_14' title='bbox 236 715 301 782; x_wconf 90' lang='lat' dir='ltr'>dici</span> <span class='ocrx_word' id='word_1_15' title='bbox 320 716 381 781; x_wconf 90' lang='lat' dir='ltr'>hoo</span> <span class='ocrx_word' id='word_1_16' title='bbox 399 724 523 798; x_wconf 74' lang='grc' dir='ltr'>μυεῖσθαι</span> <span class='ocrx_word' id='word_1_17' title='bbox 542 717 624 784; x_wconf 90' lang='lat' dir='ltr'>bene</span> <span class='ocrx_word' id='word_1_18' title='bbox 642 717 746 783; x_wconf 86' lang='lat' dir='ltr'>sensit</span> <span class='ocrx_word' id='word_1_19' title='bbox 767 718 871 786; x_wconf 90' lang='lat' dir='ltr'>Cobet</span> <span class='ocrx_word' id='word_1_20' title='bbox 891 720 948 804; x_wconf 92' lang='lat' dir='ltr'>qui</span> <span class='ocrx_word' id='word_1_21' title='bbox 966 719 1158 803; x_wconf 69' lang='lat' dir='ltr'>(Mnemon</span> <span class='ocrx_word' id='word_1_22' title='bbox 1178 739 1257 788; x_wconf 77' lang='lat' dir='ltr'>nou.</span> <span class='ocrx_word' id='word_1_23' title='bbox 1278 742 1342 789; x_wconf 88' lang='lat' dir='ltr'>ser.</span> <span class='ocrx_word' id='word_1_24' title='bbox 1359 723 1384 794; x_wconf 79' lang='lat' dir='ltr'>t.</span> <span class='ocrx_word' id='word_1_25' title='bbox 1406 724 1463 811; x_wconf 92' lang='lat' dir='ltr'>VI,</span> <span class='ocrx_word' id='word_1_26' title='bbox 1570 769 1579 784; x_wconf 73' lang='lat'>.</span> 
     </span>
    </p>
   </div>
   <div class='ocr_carea' id='block_1_4' title="bbox 235 822 1466 932">
    <p class='ocr_par' dir='ltr' id='par_1_4' title="bbox 235 822 1466 932">
     <span class='ocr_line' id='line_1_4' title="bbox 235 822 1466 932; baseline 0.01 -46"><span class='ocrx_word' id='word_1_27' title='bbox 235 843 268 908; x_wconf 93' lang='lat' dir='ltr'>p.</span> <span class='ocrx_word' id='word_1_28' title='bbox 288 823 378 906; x_wconf 85' lang='lat'>168),</span> <span class='ocrx_word' id='word_1_29' title='bbox 395 822 515 890; x_wconf 89' lang='lat' dir='ltr'>collato</span> <span class='ocrx_word' id='word_1_30' title='bbox 533 824 599 890; x_wconf 90' lang='lat' dir='ltr'>alio</span> <span class='ocrx_word' id='word_1_31' title='bbox 613 824 682 891; x_wconf 93' lang='lat' dir='ltr'>loco</span> <span class='ocrx_word' id='word_1_32' title='bbox 697 826 814 911; x_wconf 87' lang='lat' dir='ltr'>capitis</span> <span class='ocrx_word' id='word_1_33' title='bbox 830 825 939 905; x_wconf 91' lang='lat' dir='ltr'>XXII,</span> <span class='ocrx_word' id='word_1_34' title='bbox 956 825 1062 892; x_wconf 88' lang='lat' dir='ltr'>delere</span> <span class='ocrx_word' id='word_1_35' title='bbox 1073 825 1213 912; x_wconf 91' lang='lat' dir='ltr'>jubebat</span> <span class='ocrx_word' id='word_1_36' title='bbox 1228 831 1466 932; x_wconf 63' lang='lat' dir='ltr'>poetataiatque</span> 
     </span>
    </p>
   </div>
   <div class='ocr_carea' id='block_1_5' title="bbox 235 930 1464 1107">
    <p class='ocr_par' dir='ltr' id='par_1_5' title="bbox 235 930 1464 1107">
     <span class='ocr_line' id='line_1_5' title="bbox 235 930 1464 1025; baseline 0.011 -32"><span class='ocrx_word' id='word_1_37' title='bbox 235 930 309 1014; x_wconf 78' lang='lat' dir='ltr'>post</span> <span class='ocrx_word' id='word_1_38' title='bbox 326 939 619 1020; x_wconf 73' lang='grc' dir='ltr'>προσαγορευομένους</span> <span class='ocrx_word' id='word_1_39' title='bbox 638 933 757 1000; x_wconf 80' lang='lat' dir='ltr'><strong>addere</strong></span> <span class='ocrx_word' id='word_1_40' title='bbox 775 939 823 1001; x_wconf 82' lang='grc' dir='ltr'>καὶ</span> <span class='ocrx_word' id='word_1_41' title='bbox 848 937 981 1013; x_wconf 73' lang='grc' dir='ltr'>ἐπόπτας.</span> <span class='ocrx_word' id='word_1_42' title='bbox 1008 935 1071 1002; x_wconf 86' lang='lat' dir='ltr'>Sed</span> <span class='ocrx_word' id='word_1_43' title='bbox 1091 936 1174 1002; x_wconf 76' lang='lat' dir='ltr'>sabis</span> <span class='ocrx_word' id='word_1_44' title='bbox 1193 937 1243 1004; x_wconf 74' lang='lat' dir='ltr'>est</span> <span class='ocrx_word' id='word_1_45' title='bbox 1261 959 1321 1025; x_wconf 85' lang='lat' dir='ltr'>pro</span> <span class='ocrx_word' id='word_1_46' title='bbox 1340 948 1464 1023; x_wconf 81' lang='grc' dir='ltr'>μυεῖσθαι</span> 
     </span>
     <span class='ocr_line' id='line_1_6' title="bbox 235 1035 781 1107; baseline 0.015 -8"><span class='ocrx_word' id='word_1_47' title='bbox 235 1035 376 1102; x_wconf 85' lang='lat' dir='ltr'>scribere</span> <span class='ocrx_word' id='word_1_48' title='bbox 394 1058 466 1104; x_wconf 90' lang='lat' dir='ltr'>cum</span> <span class='ocrx_word' id='word_1_49' title='bbox 482 1038 590 1104; x_wconf 87' lang='lat' dir='ltr'>codice</span> <span class='ocrx_word' id='word_1_50' title='bbox 608 1038 638 1106; x_wconf 93' lang='lat' dir='ltr'>N</span> <span class='ocrx_word' id='word_1_51' title='bbox 657 1047 781 1107; x_wconf 79' lang='grc' dir='ltr'>θεᾶσθαι.</span> 
     </span>
    </p>
   </div>
   <div class='ocr_carea' id='block_1_6' title="bbox 209 1180 1463 2132">
    <p class='ocr_par' dir='ltr' id='par_1_6' title="bbox 209 1180 1463 2132">
     <span class='ocr_line' id='line_1_7' title="bbox 280 1180 1463 1270; baseline 0.009 -25"><span class='ocrx_word' id='word_1_52' title='bbox 280 1180 355 1245; x_wconf 84' lang='grc'><strong>114.</strong></span> <span class='ocrx_word' id='word_1_53' title='bbox 381 1181 520 1267; x_wconf 83' lang='lat' dir='ltr'>Legitur</span> <span class='ocrx_word' id='word_1_54' title='bbox 539 1181 574 1245; x_wconf 94' lang='lat' dir='ltr'>in</span> <span class='ocrx_word' id='word_1_55' title='bbox 591 1180 674 1247; x_wconf 89' lang='lat' dir='ltr'>libro</span> <span class='ocrx_word' id='word_1_56' title='bbox 693 1181 836 1268; x_wconf 77' lang='lat' dir='ltr'>perutili,</span> <span class='ocrx_word' id='word_1_57' title='bbox 853 1182 1001 1264; x_wconf 72' lang='lat' dir='ltr'>Pnunp&#39;s</span> <span class='ocrx_word' id='word_1_58' title='bbox 1015 1183 1379 1270; x_wconf 74' lang='lat' dir='ltr'>Realcacyctopaettie</span> <span class='ocrx_word' id='word_1_59' title='bbox 1397 1190 1463 1256; x_wconf 79' lang='lat' dir='ltr'>dar</span> 
     </span>
     <span class='ocr_line' id='line_1_8' title="bbox 233 1286 1462 1392; baseline 0.01 -42"><span class='ocrx_word' id='word_1_60' title='bbox 233 1286 458 1353; x_wconf 82' lang='lat' dir='ltr'>classc&#39;scbea</span> <span class='ocrx_word' id='word_1_61' title='bbox 476 1287 971 1374; x_wconf 78' lang='lat' dir='ltr'>Altertbamscoisseascbast,</span> <span class='ocrx_word' id='word_1_62' title='bbox 990 1291 1017 1356; x_wconf 92' lang='lat' dir='ltr'>t.</span> <span class='ocrx_word' id='word_1_63' title='bbox 1038 1292 1054 1356; x_wconf 93' lang='grc' dir='ltr'>Ι</span> <span class='ocrx_word' id='word_1_64' title='bbox 1072 1292 1159 1377; x_wconf 89' lang='lat' dir='ltr'>part.</span> <span class='ocrx_word' id='word_1_65' title='bbox 1182 1294 1215 1358; x_wconf 92' lang='lat' dir='ltr'>II</span> <span class='ocrx_word' id='word_1_66' title='bbox 1248 1314 1329 1392; x_wconf 79' lang='lat' dir='ltr'>pag.</span> <span class='ocrx_word' id='word_1_67' title='bbox 1350 1297 1432 1362; x_wconf 84' lang='lat'>1781</span> <span class='ocrx_word' id='word_1_68' title='bbox 1452 1317 1462 1361; x_wconf 80' lang='grc' dir='ltr'>τ</span> 
     </span>
     <span class='ocr_line' id='line_1_9' title="bbox 341 1393 1461 1512; baseline 0.011 -24"><span class='ocrx_word' id='word_1_69' title='bbox 341 1458 354 1488; x_wconf 77' lang='grc' dir='ltr'>τ</span> <span class='ocrx_word' id='word_1_70' title='bbox 378 1454 559 1494; x_wconf 80' lang='lat' dir='ltr'>nnrnunsnus</span> <span class='ocrx_word' id='word_1_71' title='bbox 583 1437 782 1510; x_wconf 78' lang='grc' dir='ltr'>(Ἀρταουάσδης</span> <span class='ocrx_word' id='word_1_72' title='bbox 805 1439 865 1494; x_wconf 92' lang='lat' dir='ltr'>und</span> <span class='ocrx_word' id='word_1_73' title='bbox 893 1438 1076 1512; x_wconf 76' lang='grc' dir='ltr'>Ἀρτσυσὶσδηςς</span> <span class='ocrx_word' id='word_1_74' title='bbox 1093 1441 1139 1496; x_wconf 85' lang='lat' dir='ltr'>bei</span> <span class='ocrx_word' id='word_1_75' title='bbox 1155 1443 1293 1498; x_wconf 83' lang='lat' dir='ltr'>Plutarch</span> <span class='ocrx_word' id='word_1_76' title='bbox 1306 1443 1366 1499; x_wconf 92' lang='lat' dir='ltr'>und</span> <span class='ocrx_word' id='word_1_77' title='bbox 1379 1393 1461 1500; x_wconf 83' lang='lat' dir='ltr'>losa-¹</span> 
     </span>
     <span class='ocr_line' id='line_1_10' title="bbox 209 1517 1462 1598; baseline 0.007 -27"><span class='ocrx_word' id='word_1_78' title='bbox 209 1520 211 1525; x_wconf 87' lang='grc'><strong>’</strong></span> <span class='ocrx_word' id='word_1_79' title='bbox 304 1518 379 1589; x_wconf 85' lang='lat' dir='ltr'>phas</span> <span class='ocrx_word' id='word_1_80' title='bbox 401 1517 567 1590; x_wconf 79' lang='grc' dir='ltr'>Ἀρταθσὶζης,</span> <span class='ocrx_word' id='word_1_81' title='bbox 584 1518 628 1574; x_wconf 88' lang='lat' dir='ltr'>bei</span> <span class='ocrx_word' id='word_1_82' title='bbox 644 1519 698 1575; x_wconf 86' lang='lat' dir='ltr'>den</span> <span class='ocrx_word' id='word_1_83' title='bbox 714 1519 915 1576; x_wconf 85' lang='lat' dir='ltr'>armcnIschen</span> <span class='ocrx_word' id='word_1_84' title='bbox 932 1520 1161 1578; x_wconf 84' lang='lat' dir='ltr'>Schriltstellern</span> <span class='ocrx_word' id='word_1_85' title='bbox 1176 1519 1349 1596; x_wconf 81' lang='lat' dir='ltr'>Artowazt),</span> <span class='ocrx_word' id='word_1_86' title='bbox 1367 1524 1462 1598; x_wconf 79' lang='lat' dir='ltr'>liitnig</span> 
     </span>
     <span class='ocr_line' id='line_1_11' title="bbox 303 1597 1056 1666; baseline 0.004 -13"><span class='ocrx_word' id='word_1_87' title='bbox 303 1613 357 1654; x_wconf 87' lang='lat' dir='ltr'>von</span> <span class='ocrx_word' id='word_1_88' title='bbox 372 1597 639 1666; x_wconf 63' lang='lat' dir='ltr'>&amp;oss-Armenian,</span> <span class='ocrx_word' id='word_1_89' title='bbox 656 1601 709 1654; x_wconf 87' lang='lat' dir='ltr'>etc.</span> <span class='ocrx_word' id='word_1_90' title='bbox 729 1619 741 1648; x_wconf 84' lang='grc' dir='ltr'>ν</span> <span class='ocrx_word' id='word_1_91' title='bbox 772 1619 776 1628; x_wconf 74' lang='grc'><strong>’</strong></span> <span class='ocrx_word' id='word_1_92' title='bbox 1053 1626 1056 1634; x_wconf 93' lang='grc'><strong><em>·</em></strong></span> 
     </span>
     <span class='ocr_line' id='line_1_12' title="bbox 230 1723 1460 1816; baseline 0.006 -26"><span class='ocrx_word' id='word_1_93' title='bbox 230 1723 324 1790; x_wconf 89' lang='lat' dir='ltr'>Nunc</span> <span class='ocrx_word' id='word_1_94' title='bbox 347 1723 386 1789; x_wconf 90' lang='lat' dir='ltr'>de</span> <span class='ocrx_word' id='word_1_95' title='bbox 416 1724 558 1811; x_wconf 90' lang='lat' dir='ltr'>Josepho</span> <span class='ocrx_word' id='word_1_96' title='bbox 585 1745 651 1790; x_wconf 94' lang='lat' dir='ltr'>non</span> <span class='ocrx_word' id='word_1_97' title='bbox 681 1725 804 1810; x_wconf 89' lang='lat' dir='ltr'>agitur,</span> <span class='ocrx_word' id='word_1_98' title='bbox 831 1724 887 1791; x_wconf 90' lang='lat' dir='ltr'>sed</span> <span class='ocrx_word' id='word_1_99' title='bbox 914 1726 947 1790; x_wconf 91' lang='lat' dir='ltr'>in</span> <span class='ocrx_word' id='word_1_100' title='bbox 975 1726 1103 1816; x_wconf 76' lang='lat' dir='ltr'>Crassi</span> <span class='ocrx_word' id='word_1_101' title='bbox 1124 1727 1216 1794; x_wconf 71' lang='lat' dir='ltr'>altae</span> <span class='ocrx_word' id='word_1_102' title='bbox 1243 1728 1460 1796; x_wconf 83' lang='lat' dir='ltr'>Plutarcheae</span> 
     </span>
     <span class='ocr_line' id='line_1_13' title="bbox 226 1826 1456 1924; baseline 0.006 -26"><span class='ocrx_word' id='word_1_103' title='bbox 226 1826 259 1898; x_wconf 84' lang='lat' dir='ltr'>c.</span> <span class='ocrx_word' id='word_1_104' title='bbox 282 1832 361 1896; x_wconf 89' lang='lat' dir='ltr'>XIX</span> <span class='ocrx_word' id='word_1_105' title='bbox 386 1832 542 1900; x_wconf 80' lang='lat' dir='ltr'>scribitur</span> <span class='ocrx_word' id='word_1_106' title='bbox 569 1833 602 1897; x_wconf 84' lang='lat' dir='ltr'>ln</span> <span class='ocrx_word' id='word_1_107' title='bbox 622 1831 731 1899; x_wconf 91' lang='lat' dir='ltr'>codice</span> <span class='ocrx_word' id='word_1_108' title='bbox 749 1830 779 1898; x_wconf 94' lang='lat' dir='ltr'>N</span> <span class='ocrx_word' id='word_1_109' title='bbox 804 1830 994 1918; x_wconf 82' lang='grc' dir='ltr'>Ἀρτσσυάζης</span> <span class='ocrx_word' id='word_1_110' title='bbox 1017 1833 1052 1898; x_wconf 90' lang='lat' dir='ltr'>et</span> <span class='ocrx_word' id='word_1_111' title='bbox 1074 1853 1145 1920; x_wconf 88' lang='lat' dir='ltr'>cap.</span> <span class='ocrx_word' id='word_1_112' title='bbox 1167 1836 1265 1901; x_wconf 91' lang='lat' dir='ltr'>XXII</span> <span class='ocrx_word' id='word_1_113' title='bbox 1283 1837 1456 1924; x_wconf 81' lang='grc' dir='ltr'>Αρτσυάζου.</span> 
     </span>
     <span class='ocr_line' id='line_1_14' title="bbox 229 1937 1458 2022; baseline 0.007 -19"><span class='ocrx_word' id='word_1_114' title='bbox 229 1938 290 2022; x_wconf 88' lang='lat' dir='ltr'>(De</span> <span class='ocrx_word' id='word_1_115' title='bbox 304 1945 319 2017; x_wconf 81' lang='grc' dir='ltr'><strong>ζ</strong></span> <span class='ocrx_word' id='word_1_116' title='bbox 332 1940 461 2007; x_wconf 76' lang='grc' dir='ltr'>οἰσυ1σδ</span> <span class='ocrx_word' id='word_1_117' title='bbox 476 1939 623 2019; x_wconf 88' lang='lat' dir='ltr'>sonante,</span> <span class='ocrx_word' id='word_1_118' title='bbox 642 1939 710 2005; x_wconf 88' lang='lat' dir='ltr'>vid.</span> <span class='ocrx_word' id='word_1_119' title='bbox 729 1939 766 2004; x_wconf 89' lang='lat' dir='ltr'>L.</span> <span class='ocrx_word' id='word_1_120' title='bbox 789 1939 911 2021; x_wconf 81' lang='lat' dir='ltr'>flavet,</span> <span class='ocrx_word' id='word_1_121' title='bbox 934 1937 1127 2007; x_wconf 82' lang='lat' dir='ltr'>Me&#39;moires</span> <span class='ocrx_word' id='word_1_122' title='bbox 1147 1943 1189 2008; x_wconf 79' lang='lat' dir='ltr'>tte</span> <span class='ocrx_word' id='word_1_123' title='bbox 1209 1944 1247 2010; x_wconf 85' lang='lat' dir='ltr'>ta</span> <span class='ocrx_word' id='word_1_124' title='bbox 1263 1942 1401 2011; x_wconf 72' lang='lat' dir='ltr'>Socidtc</span> <span class='ocrx_word' id='word_1_125' title='bbox 1414 1943 1458 2012; x_wconf 84' lang='lat' dir='ltr'>de</span> 
     </span>
     <span class='ocr_line' id='line_1_15' title="bbox 219 2046 783 2132; baseline -0.007 -17"><span class='ocrx_word' id='word_1_126' title='bbox 219 2047 497 2132; x_wconf 66' lang='lat' dir='ltr'>,Linguis&#39;tc&#39;qaa</span> <span class='ocrx_word' id='word_1_127' title='bbox 519 2046 546 2111; x_wconf 91' lang='lat' dir='ltr'>t.</span> <span class='ocrx_word' id='word_1_128' title='bbox 564 2047 623 2124; x_wconf 90' lang='lat' dir='ltr'>III,</span> <span class='ocrx_word' id='word_1_129' title='bbox 642 2067 673 2132; x_wconf 87' lang='lat' dir='ltr'>p.</span> <span class='ocrx_word' id='word_1_130' title='bbox 690 2046 783 2129; x_wconf 88' lang='lat'>193.)</span> 
     </span>
    </p>
   </div>
   <div class='ocr_carea' id='block_1_7' title="bbox 227 2187 1457 2491">
    <p class='ocr_par' dir='ltr' id='par_1_7' title="bbox 227 2187 1457 2491">
     <span class='ocr_line' id='line_1_16' title="bbox 275 2187 1457 2279; baseline 0.003 -23"><span class='ocrx_word' id='word_1_131' title='bbox 275 2191 350 2256; x_wconf 89' lang='lat'>115.</span> <span class='ocrx_word' id='word_1_132' title='bbox 375 2189 448 2256; x_wconf 92' lang='lat' dir='ltr'>Non</span> <span class='ocrx_word' id='word_1_133' title='bbox 468 2189 611 2256; x_wconf 86' lang='lat' dir='ltr'>barbara</span> <span class='ocrx_word' id='word_1_134' title='bbox 629 2188 747 2270; x_wconf 85' lang='lat' dir='ltr'>solum,</span> <span class='ocrx_word' id='word_1_135' title='bbox 765 2187 821 2253; x_wconf 91' lang='lat' dir='ltr'>sed</span> <span class='ocrx_word' id='word_1_136' title='bbox 835 2187 935 2253; x_wconf 91' lang='lat' dir='ltr'>etiam</span> <span class='ocrx_word' id='word_1_137' title='bbox 955 2187 1060 2254; x_wconf 87' lang='lat' dir='ltr'>latina</span> <span class='ocrx_word' id='word_1_138' title='bbox 1077 2191 1211 2257; x_wconf 88' lang='lat' dir='ltr'>nomina</span> <span class='ocrx_word' id='word_1_139' title='bbox 1231 2211 1325 2279; x_wconf 85' lang='lat' dir='ltr'>saepe</span> <span class='ocrx_word' id='word_1_140' title='bbox 1340 2188 1457 2262; x_wconf 88' lang='lat' dir='ltr'>melius</span> 
     </span>
     <span class='ocr_line' id='line_1_17' title="bbox 227 2295 1457 2388; baseline 0.004 -25"><span class='ocrx_word' id='word_1_141' title='bbox 227 2298 262 2363; x_wconf 94' lang='lat' dir='ltr'>in</span> <span class='ocrx_word' id='word_1_142' title='bbox 281 2297 368 2365; x_wconf 92' lang='lat' dir='ltr'>libro</span> <span class='ocrx_word' id='word_1_143' title='bbox 385 2298 415 2365; x_wconf 93' lang='lat' dir='ltr'>N</span> <span class='ocrx_word' id='word_1_144' title='bbox 435 2317 534 2383; x_wconf 89' lang='lat' dir='ltr'>qnam</span> <span class='ocrx_word' id='word_1_145' title='bbox 553 2298 588 2362; x_wconf 83' lang='lat' dir='ltr'>In</span> <span class='ocrx_word' id='word_1_146' title='bbox 606 2295 803 2382; x_wconf 82' lang='lat' dir='ltr'>vulgaribus</span> <span class='ocrx_word' id='word_1_147' title='bbox 818 2296 949 2361; x_wconf 86' lang='lat' dir='ltr'>servata</span> <span class='ocrx_word' id='word_1_148' title='bbox 967 2315 1051 2376; x_wconf 87' lang='lat' dir='ltr'>esse,</span> <span class='ocrx_word' id='word_1_149' title='bbox 1068 2316 1254 2383; x_wconf 85' lang='lat' dir='ltr'>quanquam</span> <span class='ocrx_word' id='word_1_150' title='bbox 1268 2320 1334 2366; x_wconf 92' lang='lat' dir='ltr'>non</span> <span class='ocrx_word' id='word_1_151' title='bbox 1353 2301 1457 2388; x_wconf 83' lang='lat' dir='ltr'>pa&#39;uoa</span> 
     </span>
     <span class='ocr_line' id='line_1_18' title="bbox 227 2402 1456 2491; baseline 0.003 -21"><span class='ocrx_word' id='word_1_152' title='bbox 227 2403 377 2491; x_wconf 84' lang='lat' dir='ltr'>exempla</span> <span class='ocrx_word' id='word_1_153' title='bbox 396 2402 586 2490; x_wconf 85' lang='lat' dir='ltr'>suppetunt,</span> <span class='ocrx_word' id='word_1_154' title='bbox 600 2403 672 2491; x_wconf 91' lang='lat' dir='ltr'>jam</span> <span class='ocrx_word' id='word_1_155' title='bbox 690 2403 757 2469; x_wconf 82' lang='lat' dir='ltr'>trIa</span> <span class='ocrx_word' id='word_1_156' title='bbox 772 2403 970 2488; x_wconf 87' lang='lat' dir='ltr'>quattuorve</span> <span class='ocrx_word' id='word_1_157' title='bbox 985 2404 1116 2470; x_wconf 90' lang='lat' dir='ltr'>tantum</span> <span class='ocrx_word' id='word_1_158' title='bbox 1137 2405 1248 2488; x_wconf 90' lang='lat' dir='ltr'>modo,</span> <span class='ocrx_word' id='word_1_159' title='bbox 1274 2427 1315 2473; x_wconf 91' lang='lat' dir='ltr'>ne</span> <span class='ocrx_word' id='word_1_160' title='bbox 1333 2409 1456 2476; x_wconf 84' lang='lat' dir='ltr'>niqus</span> 
     </span>
    </p>
   </div>
   <div class='ocr_carea' id='block_1_8' title="bbox 226 2510 1451 2708">
    <p class='ocr_par' dir='ltr' id='par_1_8' title="bbox 226 2510 1451 2708">
     <span class='ocr_line' id='line_1_19' title="bbox 226 2510 1300 2596; baseline -0.006 -18"><span class='ocrx_word' id='word_1_161' title='bbox 226 2531 297 2578; x_wconf 88' lang='lat' dir='ltr'>esse</span> <span class='ocrx_word' id='word_1_162' title='bbox 317 2511 444 2591; x_wconf 85' lang='lat' dir='ltr'>videar,</span> <span class='ocrx_word' id='word_1_163' title='bbox 463 2511 546 2577; x_wconf 87' lang='lat' dir='ltr'>satis</span> <span class='ocrx_word' id='word_1_164' title='bbox 564 2511 628 2577; x_wconf 85' lang='lat' dir='ltr'>erit</span> <span class='ocrx_word' id='word_1_165' title='bbox 640 2510 755 2577; x_wconf 90' lang='lat' dir='ltr'>lectori</span> <span class='ocrx_word' id='word_1_166' title='bbox 773 2530 966 2596; x_wconf 90' lang='lat' dir='ltr'>proponere.</span> <span class='ocrx_word' id='word_1_167' title='bbox 1298 2567 1300 2572; x_wconf 88' lang='grc'><em>,</em></span> 
     </span>
     <span class='ocr_line' id='line_1_20' title="bbox 273 2617 1451 2708; baseline 0.003 -24"><span class='ocrx_word' id='word_1_168' title='bbox 273 2617 436 2685; x_wconf 75' lang='grc' dir='ltr'>θάσθνοιι.</span> <span class='ocrx_word' id='word_1_169' title='bbox 454 2618 515 2685; x_wconf 76' lang='lat' dir='ltr'>vit.</span> <span class='ocrx_word' id='word_1_170' title='bbox 537 2639 566 2686; x_wconf 91' lang='lat' dir='ltr'>c.</span> <span class='ocrx_word' id='word_1_171' title='bbox 583 2617 700 2684; x_wconf 90' lang='lat' dir='ltr'>XXIX</span> <span class='ocrx_word' id='word_1_172' title='bbox 718 2637 725 2683; x_wconf 93' lang='lat'><strong>:</strong></span> <span class='ocrx_word' id='word_1_173' title='bbox 749 2619 885 2684; x_wconf 78' lang='grc' dir='ltr'>Κλωδίαν</span> <span class='ocrx_word' id='word_1_174' title='bbox 902 2620 933 2684; x_wconf 81' lang='grc' dir='ltr'>δὲ</span> <span class='ocrx_word' id='word_1_175' title='bbox 951 2619 1108 2698; x_wconf 81' lang='grc' dir='ltr'>Μέτελλος</span> <span class='ocrx_word' id='word_1_176' title='bbox 1121 2626 1135 2686; x_wconf 78' lang='grc' dir='ltr'>ὁ</span> <span class='ocrx_word' id='word_1_177' title='bbox 1150 2621 1250 2708; x_wconf 82' lang='grc' dir='ltr'>Κέλερ</span> <span class='ocrx_word' id='word_1_178' title='bbox 1270 2620 1343 2707; x_wconf 80' lang='grc' dir='ltr'>εἶχεν</span> <span class='ocrx_word' id='word_1_179' title='bbox 1363 2623 1451 2707; x_wconf 85' lang='lat' dir='ltr'>(soil.</span> 
     </span>
    </p>
   </div>
   <div class='ocr_carea' id='block_1_9' title="bbox 156 2727 1455 4855">
    <p class='ocr_par' dir='ltr' id='par_1_9' title="bbox 220 2727 1455 3563">
     <span class='ocr_line' id='line_1_21' title="bbox 225 2727 1455 2816; baseline 0.005 -25"><span class='ocrx_word' id='word_1_180' title='bbox 225 2728 396 2810; x_wconf 82' lang='lat' dir='ltr'>uxorem),</span> <span class='ocrx_word' id='word_1_181' title='bbox 421 2729 455 2810; x_wconf 87' lang='grc' dir='ltr'>ἣν</span> <span class='ocrx_word' id='word_1_182' title='bbox 487 2727 696 2813; x_wconf 81' lang='grc' dir='ltr'>Κουαδραντίαν</span> <span class='ocrx_word' id='word_1_183' title='bbox 721 2728 841 2792; x_wconf 80' lang='grc' dir='ltr'>ἐκάλουν</span> <span class='ocrx_word' id='word_1_184' title='bbox 851 2753 866 2808; x_wconf 83' lang='grc'>,·</span> <span class='ocrx_word' id='word_1_185' title='bbox 884 2728 926 2792; x_wconf 71' lang='grc' dir='ltr'>’άτι</span> <span class='ocrx_word' id='word_1_186' title='bbox 949 2735 1003 2793; x_wconf 84' lang='grc' dir='ltr'>τῶν</span> <span class='ocrx_word' id='word_1_187' title='bbox 1027 2730 1148 2814; x_wconf 75' lang='grc' dir='ltr'>ἐραστῶν</span> <span class='ocrx_word' id='word_1_188' title='bbox 1169 2753 1210 2805; x_wconf 90' lang='grc' dir='ltr'>τις</span> <span class='ocrx_word' id='word_1_189' title='bbox 1236 2731 1303 2816; x_wconf 69' lang='grc' dir='ltr'>αὔτη</span> <span class='ocrx_word' id='word_1_190' title='bbox 1327 2733 1455 2814; x_wconf 75' lang='grc' dir='ltr'>χαλκοῦς</span> 
     </span>
     <span class='ocr_line' id='line_1_22' title="bbox 225 2829 1453 2922; baseline 0.007 -25"><span class='ocrx_word' id='word_1_191' title='bbox 225 2829 355 2915; x_wconf 82' lang='grc' dir='ltr'>ἑμθαλὼν</span> <span class='ocrx_word' id='word_1_192' title='bbox 374 2834 414 2911; x_wconf 81' lang='grc' dir='ltr'>εἷς</span> <span class='ocrx_word' id='word_1_193' title='bbox 432 2836 580 2914; x_wconf 82' lang='grc' dir='ltr'>βαλάντιον</span> <span class='ocrx_word' id='word_1_194' title='bbox 595 2837 634 2910; x_wconf 79' lang='grc' dir='ltr'>ὡς</span> <span class='ocrx_word' id='word_1_195' title='bbox 650 2829 779 2920; x_wconf 79' lang='grc' dir='ltr'>ἀργύριον</span> <span class='ocrx_word' id='word_1_196' title='bbox 795 2832 945 2918; x_wconf 79' lang='grc' dir='ltr'>εἰσέπεμψε</span> <span class='ocrx_word' id='word_1_197' title='bbox 967 2862 974 2876; x_wconf 94' lang='grc'><em>·</em></span> <span class='ocrx_word' id='word_1_198' title='bbox 995 2835 1071 2900; x_wconf 78' lang='grc' dir='ltr'>τὸδὲ</span> <span class='ocrx_word' id='word_1_199' title='bbox 1087 2839 1257 2900; x_wconf 74' lang='grc' dir='ltr'>λεπτότατον</span> <span class='ocrx_word' id='word_1_200' title='bbox 1272 2849 1320 2901; x_wconf 85' lang='grc' dir='ltr'>τοῦ</span> <span class='ocrx_word' id='word_1_201' title='bbox 1338 2843 1453 2922; x_wconf 78' lang='grc' dir='ltr'>χαλκοῦ</span> 
     </span>
     <span class='ocr_line' id='line_1_23' title="bbox 223 2937 1449 3027; baseline 0.005 -24"><span class='ocrx_word' id='word_1_202' title='bbox 223 2945 391 3022; x_wconf 80' lang='grc' dir='ltr'>νομίσματος</span> <span class='ocrx_word' id='word_1_203' title='bbox 415 2938 552 3023; x_wconf 77' lang='grc' dir='ltr'>Ῥωμαῖοι</span> <span class='ocrx_word' id='word_1_204' title='bbox 571 2940 685 3025; x_wconf 83' lang='lat' dir='ltr'>(quam</span> <span class='ocrx_word' id='word_1_205' title='bbox 702 2957 816 3004; x_wconf 79' lang='lat' dir='ltr'>vocem</span> <span class='ocrx_word' id='word_1_206' title='bbox 834 2937 927 3004; x_wconf 83' lang='lat' dir='ltr'>addit</span> <span class='ocrx_word' id='word_1_207' title='bbox 944 2937 988 3022; x_wconf 92' lang='lat' dir='ltr'>N)</span> <span class='ocrx_word' id='word_1_208' title='bbox 1006 2944 1193 3026; x_wconf 73' lang='grc' dir='ltr'>κουαδράντην</span> <span class='ocrx_word' id='word_1_209' title='bbox 1216 2945 1349 3007; x_wconf 80' lang='grc' dir='ltr'>καλοῦσιν</span> <span class='ocrx_word' id='word_1_210' title='bbox 1375 2943 1420 3027; x_wconf 93' lang='grc' dir='ltr'>(Ν</span> <span class='ocrx_word' id='word_1_211' title='bbox 1442 2964 1449 3009; x_wconf 80' lang='lat'>2</span> 
     </span>
     <span class='ocr_line' id='line_1_24' title="bbox 222 3044 1449 3132; baseline 0.002 -21"><span class='ocrx_word' id='word_1_212' title='bbox 222 3045 314 3132; x_wconf 81' lang='lat' dir='ltr'>vulg.</span> <span class='ocrx_word' id='word_1_213' title='bbox 337 3047 518 3130; x_wconf 60' lang='lat' dir='ltr'>iactauit«</span> <span class='ocrx_word' id='word_1_214' title='bbox 539 3045 622 3113; x_wconf 87' lang='lat' dir='ltr'>Cum</span> <span class='ocrx_word' id='word_1_215' title='bbox 638 3045 790 3111; x_wconf 89' lang='lat' dir='ltr'>Romana</span> <span class='ocrx_word' id='word_1_216' title='bbox 808 3064 876 3110; x_wconf 80' lang='lat' dir='ltr'>vox</span> <span class='ocrx_word' id='word_1_217' title='bbox 895 3044 950 3125; x_wconf 86' lang='lat' dir='ltr'>sit,</span> <span class='ocrx_word' id='word_1_218' title='bbox 968 3067 987 3110; x_wconf 85' lang='grc' dir='ltr'>ν</span> <span class='ocrx_word' id='word_1_219' title='bbox 1008 3047 1147 3111; x_wconf 87' lang='lat' dir='ltr'>annotat</span> <span class='ocrx_word' id='word_1_220' title='bbox 1161 3046 1267 3112; x_wconf 86' lang='lat' dir='ltr'>Moses</span> <span class='ocrx_word' id='word_1_221' title='bbox 1289 3048 1338 3113; x_wconf 91' lang='lat' dir='ltr'>Du</span> <span class='ocrx_word' id='word_1_222' title='bbox 1358 3049 1449 3126; x_wconf 83' lang='lat' dir='ltr'>Soul,</span> 
     </span>
     <span class='ocr_line' id='line_1_25' title="bbox 224 3151 1447 3240; baseline 0.003 -23"><span class='ocrx_word' id='word_1_223' title='bbox 224 3153 412 3219; x_wconf 74' lang='lat' dir='ltr'>«Romano</span> <span class='ocrx_word' id='word_1_224' title='bbox 435 3173 526 3218; x_wconf 88' lang='lat' dir='ltr'>more</span> <span class='ocrx_word' id='word_1_225' title='bbox 549 3152 648 3218; x_wconf 82' lang='lat' dir='ltr'>scribi</span> <span class='ocrx_word' id='word_1_226' title='bbox 670 3152 771 3218; x_wconf 88' lang='lat' dir='ltr'>etiam</span> <span class='ocrx_word' id='word_1_227' title='bbox 794 3151 904 3217; x_wconf 90' lang='lat' dir='ltr'>decuit</span> <span class='ocrx_word' id='word_1_228' title='bbox 923 3154 1179 3240; x_wconf 78' lang='grc' dir='ltr'>Κουαδρανταρίαν.</span> <span class='ocrx_word' id='word_1_229' title='bbox 1212 3153 1289 3221; x_wconf 90' lang='lat' dir='ltr'>Vid.</span> <span class='ocrx_word' id='word_1_230' title='bbox 1312 3155 1377 3221; x_wconf 85' lang='lat' dir='ltr'>Cic.</span> <span class='ocrx_word' id='word_1_231' title='bbox 1399 3177 1447 3221; x_wconf 89' lang='lat' dir='ltr'>or.</span> 
     </span>
     <span class='ocr_line' id='line_1_26' title="bbox 221 3258 1451 3347; baseline 0.002 -21"><span class='ocrx_word' id='word_1_232' title='bbox 221 3280 280 3346; x_wconf 91' lang='lat' dir='ltr'>pro</span> <span class='ocrx_word' id='word_1_233' title='bbox 294 3261 339 3328; x_wconf 91' lang='lat' dir='ltr'>M.</span> <span class='ocrx_word' id='word_1_234' title='bbox 357 3260 465 3327; x_wconf 87' lang='lat' dir='ltr'>Caelio</span> <span class='ocrx_word' id='word_1_235' title='bbox 483 3279 554 3347; x_wconf 89' lang='lat' dir='ltr'>cap.</span> <span class='ocrx_word' id='word_1_236' title='bbox 572 3258 685 3325; x_wconf 91' lang='lat' dir='ltr'>XXVI</span> <span class='ocrx_word' id='word_1_237' title='bbox 701 3260 737 3344; x_wconf 65' lang='grc' dir='ltr'>(ς</span> <span class='ocrx_word' id='word_1_238' title='bbox 752 3258 796 3325; x_wconf 87' lang='grc'>62</span> <span class='ocrx_word' id='word_1_239' title='bbox 815 3278 821 3322; x_wconf 93' lang='lat'><strong>:</strong></span> <span class='ocrx_word' id='word_1_240' title='bbox 839 3260 931 3325; x_wconf 82' lang='lat' dir='ltr'>Nisi</span> <span class='ocrx_word' id='word_1_241' title='bbox 947 3261 1043 3343; x_wconf 79' lang='lat' dir='ltr'>forte</span> <span class='ocrx_word' id='word_1_242' title='bbox 1061 3260 1193 3326; x_wconf 78' lang='lat' dir='ltr'>mulier</span> <span class='ocrx_word' id='word_1_243' title='bbox 1206 3267 1340 3346; x_wconf 82' lang='lat' dir='ltr'>pateas</span> <span class='ocrx_word' id='word_1_244' title='bbox 1360 3283 1451 3346; x_wconf 81' lang='lat' dir='ltr'>qaa-</span> 
     </span>
     <span class='ocr_line' id='line_1_27' title="bbox 220 3366 1449 3453; baseline 0.004 -22"><span class='ocrx_word' id='word_1_245' title='bbox 220 3367 417 3432; x_wconf 82' lang='lat' dir='ltr'>draatam&#39;a</span> <span class='ocrx_word' id='word_1_246' title='bbox 441 3367 505 3433; x_wconf 81' lang='lat' dir='ltr'>illa</span> <span class='ocrx_word' id='word_1_247' title='bbox 532 3368 805 3453; x_wconf 73' lang='lat' dir='ltr'>permutatione</span> <span class='ocrx_word' id='word_1_248' title='bbox 836 3366 1040 3449; x_wconf 79' lang='lat' dir='ltr'>familiaris</span> <span class='ocrx_word' id='word_1_249' title='bbox 1070 3366 1169 3448; x_wconf 84' lang='lat' dir='ltr'>facta</span> <span class='ocrx_word' id='word_1_250' title='bbox 1197 3371 1278 3433; x_wconf 82' lang='lat' dir='ltr'>erat</span> <span class='ocrx_word' id='word_1_251' title='bbox 1303 3367 1449 3436; x_wconf 70' lang='lat' dir='ltr'>ballica-</span> 
     </span>
     <span class='ocr_line' id='line_1_28' title="bbox 221 3471 1331 3563; baseline 0 -25"><span class='ocrx_word' id='word_1_252' title='bbox 221 3474 321 3556; x_wconf 79' lang='lat' dir='ltr'>tort&#39;).</span> <span class='ocrx_word' id='word_1_253' title='bbox 341 3474 450 3538; x_wconf 74' lang='lat' dir='ltr'>»dam</span> <span class='ocrx_word' id='word_1_254' title='bbox 465 3477 711 3563; x_wconf 84' lang='grc' dir='ltr'>Κουαδρανταρίαν</span> <span class='ocrx_word' id='word_1_255' title='bbox 727 3473 761 3537; x_wconf 88' lang='lat' dir='ltr'>in</span> <span class='ocrx_word' id='word_1_256' title='bbox 777 3471 885 3538; x_wconf 83' lang='lat' dir='ltr'>codice</span> <span class='ocrx_word' id='word_1_257' title='bbox 899 3473 1089 3540; x_wconf 77' lang='lat' dir='ltr'>Matritensi</span> <span class='ocrx_word' id='word_1_258' title='bbox 1103 3473 1238 3558; x_wconf 78' lang='lat' dir='ltr'>legitur.</span> <span class='ocrx_word' id='word_1_259' title='bbox 1329 3492 1331 3497; x_wconf 88' lang='grc'><strong>’</strong></span> 
     </span>
    </p>

    <p class='ocr_par' dir='ltr' id='par_1_10' title="bbox 156 3566 1450 4855">
     <span class='ocr_line' id='line_1_29' title="bbox 265 3566 1448 3667; baseline 0 -21"><span class='ocrx_word' id='word_1_260' title='bbox 265 3579 356 3646; x_wconf 71' lang='lat' dir='ltr'>itta.</span> <span class='ocrx_word' id='word_1_261' title='bbox 388 3599 417 3645; x_wconf 92' lang='lat' dir='ltr'>o.</span> <span class='ocrx_word' id='word_1_262' title='bbox 451 3581 575 3648; x_wconf 92' lang='lat' dir='ltr'>XLVII</span> <span class='ocrx_word' id='word_1_263' title='bbox 600 3602 609 3646; x_wconf 77' lang='grc' dir='ltr'>ε</span> <span class='ocrx_word' id='word_1_264' title='bbox 632 3566 750 3649; x_wconf 55' lang='lat' dir='ltr'>&#39;Cicero</span> <span class='ocrx_word' id='word_1_265' title='bbox 781 3579 822 3645; x_wconf 91' lang='lat' dir='ltr'>ab</span> <span class='ocrx_word' id='word_1_266' title='bbox 854 3578 994 3646; x_wconf 85' lang='lat' dir='ltr'>Antonii</span> <span class='ocrx_word' id='word_1_267' title='bbox 1027 3578 1226 3645; x_wconf 85' lang='lat' dir='ltr'>satellithus</span> <span class='ocrx_word' id='word_1_268' title='bbox 1259 3579 1448 3667; x_wconf 81' lang='lat' dir='ltr'>exagitatus</span> 
     </span>
     <span class='ocr_line' id='line_1_30' title="bbox 219 3687 1450 3776; baseline -0.002 -20"><span class='ocrx_word' id='word_1_269' title='bbox 219 3694 366 3775; x_wconf 77' lang='grc' dir='ltr'>παρέδωκε</span> <span class='ocrx_word' id='word_1_270' title='bbox 392 3701 450 3766; x_wconf 77' lang='grc' dir='ltr'>τοῖς</span> <span class='ocrx_word' id='word_1_271' title='bbox 475 3690 596 3776; x_wconf 80' lang='grc' dir='ltr'>ρὶκέταις</span> <span class='ocrx_word' id='word_1_272' title='bbox 618 3692 713 3754; x_wconf 79' lang='grc' dir='ltr'>ἑαυτὸν</span> <span class='ocrx_word' id='word_1_273' title='bbox 734 3689 772 3766; x_wconf 80' lang='grc' dir='ltr'>εἰς</span> <span class='ocrx_word' id='word_1_274' title='bbox 798 3689 931 3765; x_wconf 79' lang='grc' dir='ltr'>Καπίτας</span> <span class='ocrx_word' id='word_1_275' title='bbox 952 3687 1026 3754; x_wconf 83' lang='grc' dir='ltr'>κατὰ</span> <span class='ocrx_word' id='word_1_276' title='bbox 1041 3693 1130 3754; x_wconf 83' lang='grc' dir='ltr'>πλοῦν</span> <span class='ocrx_word' id='word_1_277' title='bbox 1149 3691 1270 3770; x_wconf 78' lang='grc' dir='ltr'>νομίζειν</span> <span class='ocrx_word' id='word_1_278' title='bbox 1291 3691 1364 3772; x_wconf 84' lang='grc' dir='ltr'>ἔχων</span> <span class='ocrx_word' id='word_1_279' title='bbox 1389 3690 1450 3754; x_wconf 80' lang='grc' dir='ltr'>ἐκεῖ</span> 
     </span>
     <span class='ocr_line' id='line_1_31' title="bbox 156 3784 1448 3882; baseline -0.001 -23"><span class='ocrx_word' id='word_1_280' title='bbox 156 3805 160 3812; x_wconf 88' lang='grc'><strong>’</strong></span> <span class='ocrx_word' id='word_1_281' title='bbox 217 3800 308 3882; x_wconf 86' lang='grc' dir='ltr'>χωρία</span> <span class='ocrx_word' id='word_1_282' title='bbox 341 3801 438 3862; x_wconf 82' lang='grc' dir='ltr'>κτλ...</span> <span class='ocrx_word' id='word_1_283' title='bbox 465 3793 551 3882; x_wconf 88' lang='grc' dir='ltr'>Ἔχει</span> <span class='ocrx_word' id='word_1_284' title='bbox 575 3793 599 3862; x_wconf 84' lang='grc' dir='ltr'>δ’</span> <span class='ocrx_word' id='word_1_285' title='bbox 629 3802 644 3861; x_wconf 87' lang='grc' dir='ltr'>θ</span> <span class='ocrx_word' id='word_1_286' title='bbox 673 3801 759 3873; x_wconf 81' lang='grc' dir='ltr'>τάπος</span> <span class='ocrx_word' id='word_1_287' title='bbox 790 3799 840 3861; x_wconf 77' lang='grc' dir='ltr'>καῖ</span> <span class='ocrx_word' id='word_1_288' title='bbox 868 3798 933 3860; x_wconf 82' lang='grc' dir='ltr'>ναάν</span> <span class='ocrx_word' id='word_1_289' title='bbox 960 3784 1149 3871; x_wconf 16' lang='grc' dir='ltr'>ΙἈπάλλιυνοςλ</span> <span class='ocrx_word' id='word_1_290' title='bbox 1176 3797 1273 3879; x_wconf 81' lang='grc' dir='ltr'>μικρὸν</span> <span class='ocrx_word' id='word_1_291' title='bbox 1301 3796 1369 3881; x_wconf 71' lang='grc' dir='ltr'>ὑπὲρ</span> <span class='ocrx_word' id='word_1_292' title='bbox 1397 3809 1448 3878; x_wconf 74' lang='grc' dir='ltr'>της</span> 
     </span>
     <span class='ocr_line' id='line_1_32' title="bbox 217 3899 1448 3988; baseline -0.002 -21"><span class='ocrx_word' id='word_1_293' title='bbox 217 3905 361 3984; x_wconf 83' lang='grc' dir='ltr'>θαλάσσης</span> <span class='ocrx_word' id='word_1_294' title='bbox 388 3902 449 3985; x_wconf 81' lang='lat' dir='ltr'>(sia</span> <span class='ocrx_word' id='word_1_295' title='bbox 470 3901 500 3968; x_wconf 92' lang='lat' dir='ltr'>N</span> <span class='ocrx_word' id='word_1_296' title='bbox 526 3922 535 3967; x_wconf 89' lang='lat'><strong>:</strong></span> <span class='ocrx_word' id='word_1_297' title='bbox 560 3900 653 3988; x_wconf 78' lang='lat' dir='ltr'>vulg.</span> <span class='ocrx_word' id='word_1_298' title='bbox 681 3901 848 3984; x_wconf 82' lang='grc' dir='ltr'>θαλάττης).</span> <span class='ocrx_word' id='word_1_299' title='bbox 880 3921 898 3964; x_wconf 84' lang='grc'><strong>«</strong></span> <span class='ocrx_word' id='word_1_300' title='bbox 923 3902 1055 3978; x_wconf 80' lang='grc' dir='ltr'>Καπίτας</span> <span class='ocrx_word' id='word_1_301' title='bbox 1080 3899 1177 3964; x_wconf 87' lang='lat' dir='ltr'>nihili</span> <span class='ocrx_word' id='word_1_302' title='bbox 1201 3900 1263 3981; x_wconf 81' lang='lat' dir='ltr'>est,</span> <span class='ocrx_word' id='word_1_303' title='bbox 1291 3921 1309 3964; x_wconf 81' lang='grc' dir='ltr'>ν)</span> <span class='ocrx_word' id='word_1_304' title='bbox 1337 3900 1376 3965; x_wconf 79' lang='lat' dir='ltr'>ut</span> <span class='ocrx_word' id='word_1_305' title='bbox 1400 3901 1448 3967; x_wconf 81' lang='lat' dir='ltr'>ait</span> 
     </span>
     <span class='ocr_line' id='line_1_33' title="bbox 217 4005 1445 4092; baseline 0.001 -20"><span class='ocrx_word' id='word_1_306' title='bbox 217 4005 354 4072; x_wconf 86' lang='lat' dir='ltr'>Carolus</span> <span class='ocrx_word' id='word_1_307' title='bbox 368 4005 524 4075; x_wconf 74' lang='lat' dir='ltr'>Sintenis</span> <span class='ocrx_word' id='word_1_308' title='bbox 539 4007 627 4072; x_wconf 87' lang='lat' dir='ltr'>Audi</span> <span class='ocrx_word' id='word_1_309' title='bbox 641 4027 720 4072; x_wconf 90' lang='lat' dir='ltr'>vero</span> <span class='ocrx_word' id='word_1_310' title='bbox 734 4007 849 4073; x_wconf 90' lang='lat' dir='ltr'>Daniel</span> <span class='ocrx_word' id='word_1_311' title='bbox 859 4005 1092 4092; x_wconf 84' lang='lat' dir='ltr'>Wyttenbaoh</span> <span class='ocrx_word' id='word_1_312' title='bbox 1103 4005 1190 4072; x_wconf 89' lang='lat' dir='ltr'>de-h.</span> <span class='ocrx_word' id='word_1_313' title='bbox 1209 4005 1232 4070; x_wconf 93' lang='lat' dir='ltr'>l.</span> <span class='ocrx_word' id='word_1_314' title='bbox 1257 4024 1265 4070; x_wconf 74' lang='grc' dir='ltr'>ε</span> <span class='ocrx_word' id='word_1_315' title='bbox 1285 4008 1445 4091; x_wconf 80' lang='grc' dir='ltr'>«Καιήτην</span> 
     </span>
     <span class='ocr_line' id='line_1_34' title="bbox 176 4110 1446 4200; baseline 0.002 -23"><span class='ocrx_word' id='word_1_316' title='bbox 176 4185 181 4192; x_wconf 54' lang='grc'><strong>,</strong></span> <span class='ocrx_word' id='word_1_317' title='bbox 216 4111 318 4178; x_wconf 90' lang='lat' dir='ltr'>habet</span> <span class='ocrx_word' id='word_1_318' title='bbox 336 4114 588 4200; x_wconf 89' lang='lat' dir='ltr'>Anonymus....</span> <span class='ocrx_word' id='word_1_319' title='bbox 607 4113 765 4180; x_wconf 85' lang='lat' dir='ltr'>Eamdem</span> <span class='ocrx_word' id='word_1_320' title='bbox 780 4113 952 4180; x_wconf 84' lang='lat' dir='ltr'>lectionem</span> <span class='ocrx_word' id='word_1_321' title='bbox 964 4114 998 4177; x_wconf 93' lang='lat' dir='ltr'>in</span> <span class='ocrx_word' id='word_1_322' title='bbox 1017 4113 1168 4199; x_wconf 89' lang='lat' dir='ltr'>margine</span> <span class='ocrx_word' id='word_1_323' title='bbox 1177 4110 1308 4179; x_wconf 80' lang='lat' dir='ltr'>notavit</span> <span class='ocrx_word' id='word_1_324' title='bbox 1320 4113 1446 4199; x_wconf 79' lang='lat' dir='ltr'>Amyo</span> 
     </span>
     <span class='ocr_line' id='line_1_35' title="bbox 215 4218 1440 4307; baseline 0.003 -23"><span class='ocrx_word' id='word_1_325' title='bbox 215 4218 281 4284; x_wconf 89' lang='lat' dir='ltr'>tus.</span> <span class='ocrx_word' id='word_1_326' title='bbox 300 4220 421 4307; x_wconf 84' lang='lat' dir='ltr'>Recepi</span> <span class='ocrx_word' id='word_1_327' title='bbox 439 4220 597 4287; x_wconf 89' lang='lat' dir='ltr'>historiae</span> <span class='ocrx_word' id='word_1_328' title='bbox 612 4220 806 4287; x_wconf 84' lang='lat' dir='ltr'>auctoritate</span> <span class='ocrx_word' id='word_1_329' title='bbox 820 4222 854 4286; x_wconf 90' lang='lat' dir='ltr'>et</span> <span class='ocrx_word' id='word_1_330' title='bbox 871 4240 1032 4287; x_wconf 91' lang='lat' dir='ltr'>consensu</span> <span class='ocrx_word' id='word_1_331' title='bbox 1048 4218 1197 4286; x_wconf 87' lang='lat' dir='ltr'>virorum</span> <span class='ocrx_word' id='word_1_332' title='bbox 1212 4218 1440 4288; x_wconf 72' lang='lat' dir='ltr'>doctorum...</span> 
     </span>
     <span class='ocr_line' id='line_1_36' title="bbox 216 4323 1443 4417; baseline 0.002 -27"><span class='ocrx_word' id='word_1_333' title='bbox 216 4323 325 4411; x_wconf 84' lang='lat' dir='ltr'>Vulgo</span> <span class='ocrx_word' id='word_1_334' title='bbox 343 4328 497 4417; x_wconf 87' lang='lat' dir='ltr'>mendose</span> <span class='ocrx_word' id='word_1_335' title='bbox 511 4329 635 4415; x_wconf 86' lang='lat' dir='ltr'>legitur</span> <span class='ocrx_word' id='word_1_336' title='bbox 645 4330 775 4406; x_wconf 80' lang='grc' dir='ltr'>Καπίτας</span> <span class='ocrx_word' id='word_1_337' title='bbox 789 4349 808 4392; x_wconf 83' lang='grc' dir='ltr'>ν</span> <span class='ocrx_word' id='word_1_338' title='bbox 825 4328 925 4414; x_wconf 94' lang='lat' dir='ltr'>(quod</span> <span class='ocrx_word' id='word_1_339' title='bbox 939 4327 1080 4394; x_wconf 85' lang='lat' dir='ltr'>retinuit</span> <span class='ocrx_word' id='word_1_340' title='bbox 1093 4324 1241 4392; x_wconf 88' lang='lat' dir='ltr'>Sintenis</span> <span class='ocrx_word' id='word_1_341' title='bbox 1255 4327 1289 4407; x_wconf 91' lang='lat' dir='ltr'>iu</span> <span class='ocrx_word' id='word_1_342' title='bbox 1305 4327 1443 4412; x_wconf 84' lang='lat' dir='ltr'>utraque</span> 
     </span>
     <span class='ocr_line' id='line_1_37' title="bbox 215 4430 1443 4519; baseline 0.002 -23"><span class='ocrx_word' id='word_1_343' title='bbox 215 4430 370 4517; x_wconf 88' lang='lat' dir='ltr'>editione)</span> <span class='ocrx_word' id='word_1_344' title='bbox 396 4455 415 4498; x_wconf 76' lang='lat' dir='ltr'>a</span> <span class='ocrx_word' id='word_1_345' title='bbox 439 4433 525 4519; x_wconf 92' lang='lat' dir='ltr'>quod</span> <span class='ocrx_word' id='word_1_346' title='bbox 549 4435 701 4501; x_wconf 90' lang='lat' dir='ltr'>ortnma</span> <span class='ocrx_word' id='word_1_347' title='bbox 726 4434 854 4500; x_wconf 86' lang='lat' dir='ltr'>librarii</span> <span class='ocrx_word' id='word_1_348' title='bbox 882 4432 1087 4499; x_wconf 86' lang='lat' dir='ltr'>dubitatione</span> <span class='ocrx_word' id='word_1_349' title='bbox 1110 4432 1198 4498; x_wconf 90' lang='lat' dir='ltr'>iuter</span> <span class='ocrx_word' id='word_1_350' title='bbox 1224 4430 1385 4517; x_wconf 84' lang='lat' dir='ltr'>Capuam</span> <span class='ocrx_word' id='word_1_351' title='bbox 1410 4432 1443 4498; x_wconf 91' lang='lat' dir='ltr'>et</span> 
     </span>
     <span class='ocr_line' id='line_1_38' title="bbox 217 4537 1440 4629; baseline 0.001 -25"><span class='ocrx_word' id='word_1_352' title='bbox 217 4537 391 4607; x_wconf 75' lang='lat' dir='ltr'>Galatam.</span> <span class='ocrx_word' id='word_1_353' title='bbox 412 4543 582 4629; x_wconf 88' lang='lat' dir='ltr'>Appianus</span> <span class='ocrx_word' id='word_1_354' title='bbox 601 4543 825 4609; x_wconf 70' lang='lat' dir='ltr'>exactoribus</span> <span class='ocrx_word' id='word_1_355' title='bbox 844 4542 934 4608; x_wconf 90' lang='lat' dir='ltr'>solus</span> <span class='ocrx_word' id='word_1_356' title='bbox 952 4539 1115 4627; x_wconf 79' lang='lat' dir='ltr'>Capuam</span> <span class='ocrx_word' id='word_1_357' title='bbox 1134 4540 1195 4605; x_wconf 90' lang='lat' dir='ltr'>hac</span> <span class='ocrx_word' id='word_1_358' title='bbox 1216 4541 1250 4605; x_wconf 94' lang='lat' dir='ltr'>in</span> <span class='ocrx_word' id='word_1_359' title='bbox 1269 4559 1306 4606; x_wconf 90' lang='lat' dir='ltr'>re</span> <span class='ocrx_word' id='word_1_360' title='bbox 1321 4559 1440 4605; x_wconf 89' lang='lat' dir='ltr'>memo-</span> 
     </span>
     <span class='ocr_line' id='line_1_39' title="bbox 213 4646 1441 4736; baseline 0.002 -26"><span class='ocrx_word' id='word_1_361' title='bbox 213 4646 296 4712; x_wconf 90' lang='lat' dir='ltr'>rat:</span> <span class='ocrx_word' id='word_1_362' title='bbox 319 4647 375 4714; x_wconf 89' lang='lat' dir='ltr'>sed</span> <span class='ocrx_word' id='word_1_363' title='bbox 403 4648 608 4716; x_wconf 87' lang='lat' dir='ltr'>hauddubie</span> <span class='ocrx_word' id='word_1_364' title='bbox 633 4651 825 4736; x_wconf 88' lang='lat' dir='ltr'>corruptus,</span> <span class='ocrx_word' id='word_1_365' title='bbox 854 4649 893 4715; x_wconf 92' lang='lat' dir='ltr'>ut</span> <span class='ocrx_word' id='word_1_366' title='bbox 919 4649 1008 4715; x_wconf 88' lang='lat' dir='ltr'>recte</span> <span class='ocrx_word' id='word_1_367' title='bbox 1032 4646 1163 4736; x_wconf 87' lang='lat' dir='ltr'>judicat</span> <span class='ocrx_word' id='word_1_368' title='bbox 1185 4646 1441 4732; x_wconf 87' lang='lat' dir='ltr'>Schweighaeu-</span> 
     </span>
     <span class='ocr_line' id='line_1_40' title="bbox 213 4751 1440 4855; baseline 0 -35"><span class='ocrx_word' id='word_1_369' title='bbox 213 4773 320 4838; x_wconf 85' lang='lat' dir='ltr'>serus,</span> <span class='ocrx_word' id='word_1_370' title='bbox 348 4756 393 4838; x_wconf 77' lang='lat' dir='ltr'>dc</span> <span class='ocrx_word' id='word_1_371' title='bbox 417 4757 506 4826; x_wconf 70' lang='lat' dir='ltr'>aaa.</span> <span class='ocrx_word' id='word_1_372' title='bbox 523 4755 598 4840; x_wconf 75' lang='lat' dir='ltr'>Cia.</span> <span class='ocrx_word' id='word_1_373' title='bbox 625 4759 686 4839; x_wconf 85' lang='lat' dir='ltr'>lv,</span> <span class='ocrx_word' id='word_1_374' title='bbox 712 4759 764 4825; x_wconf 87' lang='lat'>19.</span> <span class='ocrx_word' id='word_1_375' title='bbox 790 4779 816 4832; x_wconf 76' lang='grc' dir='ltr'>,ν</span> <span class='ocrx_word' id='word_1_376' title='bbox 842 4757 1012 4844; x_wconf 87' lang='lat' dir='ltr'>Ingeniose</span> <span class='ocrx_word' id='word_1_377' title='bbox 1035 4755 1167 4842; x_wconf 90' lang='lat' dir='ltr'>quidem</span> <span class='ocrx_word' id='word_1_378' title='bbox 1196 4752 1319 4855; x_wconf 83' lang='lat' dir='ltr'>dictum</span> <span class='ocrx_word' id='word_1_379' title='bbox 1348 4772 1355 4817; x_wconf 93' lang='lat'>:</span> <span class='ocrx_word' id='word_1_380' title='bbox 1383 4751 1440 4820; x_wconf 87' lang='lat' dir='ltr'>sed</span> 
     </span>
    </p>
   </div>
   <div class='ocr_carea' id='block_1_10' title="bbox 0 0 1788 5472">
    <p class='ocr_par' dir='ltr' id='par_1_11' title="bbox 0 0 1788 5472">
     <span class='ocr_line' id='line_1_41' title="bbox 0 0 1788 5472; baseline 0 9"><span class='ocrx_word' id='word_1_381' title='bbox 0 0 1788 5472; x_wconf 95' lang='lat' dir='ltr'> </span> 
     </span>
    </p>
   </div>
  </div>
 </body>
</html>
