3568 5472
324 421 369 487 32
392 394 399 406 ⁸
622 455 624 460 ·
843 439 873 484 c.
900 437 1027 486 cunux.

323 559 416 629 cibus
438 560 525 629 ratio
548 560 708 647 quaedam
732 562 864 629 institui
883 561 991 649 potest
1008 581 1107 649 qnam
1127 563 1219 649 sequi
1233 561 1350 628 debeat
1365 564 1553 649 prudentis-

324 673 427 738 simus
447 673 584 757 quisque
602 670 718 737 editor.
743 672 826 740 Cum
840 672 870 738 N
884 692 959 738 cum
979 671 1096 758 quovis
1115 671 1259 738 familiae
1275 671 1425 759 vulgaris
1444 670 1553 737 codice

278 791 282 796 '
324 779 497 859 consentit,
509 779 606 866 primi
618 781 778 866 genitoris
788 778 1222 866 communisc'scripturam
1233 779 1379 866 profecto
1388 779 1549 858 tenemus,

324 907 434 973 qnam,
453 905 513 974 pro
536 883 639 953 nihilo
658 885 759 953 ducta
779 888 963 953 ceterorum
987 886 1135 954 codicum
1155 888 1371 973 discrepantia
1390 887 1549 964 lectionis,

324 995 384 1061 aut
405 993 625 1080 recipiendam
644 994 713 1076 aut,
736 995 764 1060 si
787 995 903 1061 dubiae
927 994 1004 1060 fidei
1022 995 1198 1075 videbitur,
1223 995 1402 1060 sanandam
1424 995 1458 1059 in
1478 1013 1552 1078 pro

324 1101 437 1188 patulo
456 1101 517 1168 est.
543 1100 578 1167 Si
596 1122 675 1170 uero
694 1100 850 1188 vulgares
871 1102 1009 1183 codices,
1031 1102 1123 1168 nullo
1146 1100 1368 1182 dissentiente,
1394 1096 1493 1166 aliam
1513 1119 1552 1164 ao

323 1208 427 1278 codex
446 1209 476 1276 N
498 1209 696 1295 scripturam
716 1209 865 1291 tuentur,
889 1210 966 1276 utra
984 1207 1218 1297 praeferenda?
1236 1208 1360 1295 Nempe
1379 1208 1549 1287 alterutra,

322 1315 421 1403 prout
431 1335 525 1382 casus
538 1317 659 1403 poscet.
673 1317 756 1383 Nam
769 1337 841 1384 rem
851 1317 977 1383 attente
986 1316 1208 1384 consideranti
1219 1317 1247 1382 si
1257 1315 1434 1383 lectionum
1448 1306 1552 1380 altera

322 1444 364 1489 ex
383 1424 489 1490 altera
507 1426 669 1507 αὐτομάτως
687 1425 740 1509 (ut
759 1425 807 1490 ita
820 1424 940 1507 dicam)
963 1425 1079 1490 exorta
1098 1423 1266 1490 videbitur
1288 1424 1387 1508 atque
1410 1422 1458 1489 sic
1481 1441 1553 1508 pro

322 1531 422 1599 ducta
441 1532 480 1598 ut
498 1532 606 1598 scriba
625 1533 732 1618 quivis
752 1531 842 1597 aliud
860 1551 964 1618 agens
982 1551 1147 1618 peccasse,
1169 1531 1225 1596 sed
1245 1530 1329 1596 nihil
1344 1530 1459 1616 sponte
1478 1549 1550 1608 sua,

322 1638 405 1704 nihil
423 1638 461 1705 de
484 1638 648 1706 industria
670 1637 875 1705 adulterasse
898 1639 1078 1705 censendus
1105 1639 1160 1720 sit,
1183 1638 1351 1707 vetustior
1375 1636 1433 1702 illa
1455 1634 1552 1702 lectio

322 1765 405 1831 quae
426 1746 566 1817 alteram
591 1746 720 1832 genuit,
744 1747 814 1813 sive
835 1747 870 1812 in
888 1745 997 1814 codice
1018 1746 1048 1813 N
1067 1732 1139 1824 ‚siv'e
1158 1745 1348 1830 invulgata
1368 1745 1546 1819 invenitur,

322 1854 391 1919 sine
401 1853 469 1918 ulla
479 1851 685 1919 dubitatione
699 1853 846 1939 eligenda
861 1853 923 1919 est.
939 1853 1209 1938 Quotiescumque
1223 1852 1332 1916 autem
1347 1851 1408 1916 tali
1422 1850 1551 1917 ratione

324 1955 414 2027 inter
427 1981 496 2026 sese
512 1960 699 2047 discrepant
713 1961 746 2027 et
764 1961 919 2048 vulgatae
935 1962 969 2027 et
987 1960 1106 2028 codicis
1120 1960 1149 2027 N
1164 1959 1358 2045 scripturae,
1375 1957 1413 2023 ut
1428 1958 1551 2023 alteru·

324 2067 412 2134 tram
431 2067 472 2134 ab
491 2067 615 2134 editore
633 2069 751 2152 quovis
770 2069 907 2152 antiquo
924 2067 1103 2154 profectam
1124 2066 1335 2132 manifestum
1353 2066 1396 2131 sit
1412 2065 1552 2132 arbitrio

323 2194 383 2244 suo
407 2175 465 2241 aut
484 2175 588 2242 verba
603 2173 725 2241 diserte
740 2175 774 2240 in
789 2167 971 2262 exemplari
987 2176 1109 2262 scripta
1127 2174 1276 2240 mutante
1295 2174 1354 2238 aut
1371 2170 1458 2238 locos
1471 2192 1552 2259 quos

325 2302 403 2350 casu
422 2283 531 2368 aliquo
546 2282 618 2369 jam
636 2281 745 2369 legere
763 2284 922 2369 nequibat
933 2282 1111 2364 reficiente,
1128 2284 1226 2349 toties
1241 2282 1383 2368 vestigia
1396 2280 1553 2367 vulgatae

324 2411 458 2477 prorsus
468 2391 656 2473 deserenda,
671 2391 707 2457 at
716 2393 832 2459 contra
841 2391 960 2458 codicis
970 2393 999 2458 N
1011 2391 1199 2479 premenda,
1213 2391 1332 2477 quippe
1346 2389 1403 2474 qui
1415 2390 1552 2456 octenae

321 2495 445 2563 annulo
459 2499 655 2565 annectatur
664 2499 749 2566 citra
758 2500 980 2566 recensionem
991 2500 1086 2565 istam
1101 2501 1148 2584 (in
1163 2498 1336 2565 stemmate
1352 2517 1373 2562 r
1388 2475 1550 2578 notatam)

322 2605 441 2691 posito⁴

340 2770 344 2778 .
365 2712 460 2780 Hanc
474 2712 623 2779 criticam
637 2712 801 2779 rationem
816 2713 957 2794 secutus,
972 2731 1091 2780 novam
1105 2713 1191 2800 apud
1205 2711 1367 2779 Hachette
1385 2713 1551 2796 sociosque

326 2817 448 2907 publici
453 2819 539 2906 juris
549 2819 610 2886 feci
618 2819 793 2887 editionem
802 2821 890 2888 vitae
899 2819 1144 2888 Demosthenis
1156 2841 1176 2886 a
1190 2821 1371 2888 Plutarcho
1378 2811 1548 2906 scriptae¹‚

321 2946 388 3011 qua
411 2928 547 2994 versata
569 2927 671 2994 lector
686 2927 782 2994 facile
797 2927 966 3014 intelleget
981 2929 1126 3013 quantus
1139 2949 1156 2994 e
1168 2928 1276 2995 codice
1292 2927 1322 2995 N
1341 2927 1469 3016 fruetus
1483 2946 1551 3012 per-

320 3033 384 3120 cipi
399 3035 515 3121 possit.
533 3035 645 3120 Neque
661 3037 779 3101 minori
795 3037 833 3130 in¹
847 3036 1049 3114 Ciceronis
1064 3035 1206 3114 Crassi,
1217 3036 1418 3102 Alcibiadis
1432 3033 1551 3101 Corio·

322 3135 460 3227 Ianique
479 3143 558 3209 vitis
577 3143 707 3210 edendis
724 3144 806 3212 viris
825 3143 928 3210 doctis
943 3143 1082 3211 eundem
1106 3144 1224 3211 librum
1247 3144 1371 3211 auxilio
1390 3143 1461 3208 fore
1477 3161 1551 3228 per·

322 3268 456 3315 suasum
486 3249 617 3317 habeo:
642 3250 726 3336 quod
750 3250 879 3338 quidem
900 3252 934 3317 in
959 3252 1064 3338 capite
1088 3253 1236 3337 sequenti
1260 3251 1425 3338 hujusque
1449 3246 1549 3314 libelli
1594 3334 1604 3348 .

318 3356 417 3422 tertio
430 3357 531 3442 atque
544 3357 673 3440 ultime,
690 3379 870 3444 paucorum
886 3358 974 3424 inter
987 3359 1092 3424 multo
1106 3358 1202 3445 plura
1221 3358 1366 3424 locorum
1386 3355 1505 3423 codicis
1519 3354 1547 3420 N

204 3482 208 3488 ’
319 3481 379 3551 cpe
399 3464 531 3550 egregie
550 3465 798 3532 emendatorum
825 3466 1056 3552 speciminibus
1082 3464 1238 3531 adhibitis
1266 3464 1490 3530 demonstrare
1516 3463 1549 3526 in

301 3571 429 3636 animo
442 3569 504 3637 est.
518 3572 684 3658 Agesilai
694 3593 771 3639 vero
781 3574 1013 3659 Pompee's'que
1028 3573 1117 3639 vitas
1131 3571 1261 3638 silentio
1274 3573 1455 3657 praetereo,
1473 3589 1549 3655 qua·

237 3663 242 3672 ’
319 3697 394 3744 rum
416 3677 457 3743 ad
483 3677 615 3745 textum
642 3679 910 3745 constituendum
935 3681 1008 3768 jam
1037 3679 1155 3746 Carolo
1184 3678 1331 3745 Sintenis
1366 3677 1549 3764 praestanti

319 3784 461 3871 quodam
488 3785 597 3854 codiee
617 3785 903 3873 Sangermanensi,
926 3787 1082 3871 qui'libri
1102 3787 1131 3854 N
1154 3806 1249 3852 veras
1275 3785 1457 3871 scripturas
1480 3783 1549 3849 fere

320 3892 465 3975 exhibet,
487 3893 600 3980 pravis
617 3893 758 3973 omissis,
779 3894 828 3959 uti
846 3894 952 3960 licuit.

816 4155 820 4159 -
904 4118 961 4183 Ill.

296 4271 300 4280 ’
362 4286 544 4370 Postquam
558 4286 665 4371 primo
678 4285 804 4372 aliquot
819 4284 969 4371 exempla
983 4285 1239 4380 discrepantium
1254 4283 1443 4365 lectionum,
1456 4303 1548 4372 prae-

319 4393 435 4459 sertim
453 4393 488 4457 in
508 4392 757 4459 Demosthenis
782 4393 863 4473 vita,
890 4393 1115 4479 selegerimus,
1141 4413 1224 4477 quas
1242 4393 1270 4459 si
1288 4387 1461 4478 receperis,
1482 4411 1548 4457 non

351 4594 374 4644 l.
398 4597 448 4646 Via
465 4595 499 4645 de
517 4595 703 4646 Demosthene
722 4610 771 4660 par
787 4595 942 4660 Plutarque.
965 4597 1044 4646 Texta
1070 4611 1132 4661 grec
1150 4611 1214 4645 revu
1232 4611 1277 4646 sur
1302 4595 1327 4646 le
1348 4595 1495 4646 manuscrit
1515 4595 1548 4643 de

318 4664 436 4730 Madrid,
455 4668 634 4732 accompagn&
648 4665 768 4718 denotas
781 4681 812 4716 en
831 4665 956 4731 franceis,
978 4673 1003 4717 et
1021 4667 1133 4733 precede
1145 4667 1221 4717 d'nnc
1238 4666 1326 4718 notice
1341 4681 1388 4718 sur
1399 4666 1548 4730 Plutarqus

319 4743 345 4787 et
357 4751 403 4787 sur
414 4736 455 4788 les
466 4751 573 4788 sources
585 4735 617 4787 ds
628 4737 656 4788 la
666 4736 717 4787 Vis
729 4737 762 4789 de
776 4737 964 4801 Demosthene,
977 4753 1026 4803 par
1037 4739 1085 4788 Ch.
1098 4739 1198 4790 Graux.
