3568 5472
342 412 384 478 18
859 428 888 474 o.
915 427 1045 474 sanun.

339 554 368 619 si
386 571 453 639 qua
474 552 560 619 forte
581 569 658 636 pars
677 548 825 637 ejusdem
844 550 1009 637 superstes
1028 552 1057 617 el
1076 553 1133 636 qui
1152 553 1249 620 Vitas
1267 553 1414 619 editurus
1434 555 1478 620 sit
1491 575 1567 641 sup

339 659 434 748 petit,
451 659 597 725 maxima
611 678 737 744 semper
753 658 787 723 in
802 658 897 723 textu
914 659 970 742 qui
989 657 1110 725 dieitur
1128 659 1356 726 constituendo
1371 659 1450 726 fides
1468 663 1567 748 atque

339 766 518 834 auotoritas
531 765 718 833 tribuenda.
737 766 783 831 Ut
797 765 945 852 exemplo
960 766 1049 847 utar,
1066 767 1193 852 aliquas
1206 769 1294 835 vitae
1312 769 1439 836 Crassi
1450 768 1567 835 disere·

259 923 263 931 .
338 875 455 962 pantes
470 873 650 959 scripturas
665 873 884 958 pertractabo.
1024 954 1027 961 Ι

382 983 568 1066 Antequam
583 980 694 1047 autem
713 980 844 1067 longius
860 981 1063 1067 progrediar,
1080 1001 1183 1068 pauca
1202 983 1284 1049 mihi
1301 985 1378 1050 sunt
1389 983 1566 1070 praefanda

339 1091 380 1157 de
396 1090 637 1176 Stephanianae
652 1089 686 1154 in
703 1089 895 1155 universum
910 1088 1082 1155 Plutarchi
1096 1092 1294 1156 recensionis
1310 1091 1430 1175 indole,
1450 1092 1565 1159 deinde

337 1197 548 1276 desubsidiis
568 1197 690 1263 criticis
706 1216 788 1282 quae
803 1195 919 1263 Oarolo
936 1196 1080 1263 Sintenis
1094 1197 1127 1262 iu
1148 1198 1339 1284 quibusdam
1353 1200 1566 1285 peculiariter

338 1305 427 1374 vitae
449 1305 578 1372 Crassi
593 1305 754 1390 capitibus
773 1304 906 1370 edendis
926 1304 1057 1391 praesto
1076 1304 1223 1372 fuerunt.

381 1413 464 1481 Cum
499 1412 671 1478 editionem
704 1413 883 1499 principem
911 1412 1069 1479 Vitarum
1101 1411 1389 1481 Parallelarum'e
1419 1415 1564 1502 Philippi

336 1519 457 1587 Juntae
479 1520 578 1607 prelis
596 1539 682 1585 anno
707 1518 793 1585 1517
813 1506 921 1584 ortam
947 1538 967 1584 a
988 1518 1096 1586 codice
1110 1519 1251 1604 quodam
1270 1521 1415 1587 Marcelli
1430 1522 1564 1608 Virgilii

335 1628 425 1694 haud
453 1629 500 1694 ita
532 1626 705 1694 emendato
735 1625 920 1693 derivatam
949 1626 1146 1713 excepisset,
1188 1628 1246 1695 vix
1278 1627 1390 1713 elapso
1418 1629 1561 1711 biennio,

334 1733 535 1802 Plutarchus
552 1733 734 1802 ‹Venetiis
749 1733 783 1798 in
803 1732 935 1800 aedibus
953 1732 1031 1799 Aldi
1046 1735 1079 1800 et
1091 1733 1244 1800 Andreae
1262 1735 1393 1801 soceri»
1409 1756 1561 1816 excusus,

335 1863 400 1908 non
418 1842 522 1908 multo
544 1841 715 1907 meliorum
735 1861 795 1926 ope
818 1841 978 1907 librorum
1002 1825 1196 1927 castigatus,
1219 1842 1370 1908 miseram
1393 1845 1563 1929 praestan-

334 1951 456 2017 tissimi
470 1950 638 2035 soriptoris
652 1950 775 2015 sortem
787 1968 885 2035 aegre
896 1947 1007 2014 ‘ferens
1022 1947 1206 2036 Stephanus
1221 1951 1310 2016 omni
1319 1949 1415 2016 laude
1425 1949 1562 2036 dignum

334 2057 621 2145 capiteomnium,
641 2055 767 2122 collatis
783 2053 976 2141 quibusdam
993 2063 1074 2143 qu'os
1096 2057 1298 2142 inpromptu
1320 2056 1461 2124 habebat
1480 2057 1562 2124 satis

334 2165 476 2232 vetustis
492 2162 734 2249 exemplaribus
753 2163 997 2250 manuscriptis,
1019 2183 1085 2228 non
1105 2162 1232 2230 diutius
1256 2165 1290 2230 in
1309 2164 1460 2232 sordibus
1479 2165 1531 2230 inf
1547 2204 1562 2217 -

333 2273 464 2359 miaque
491 2270 708 2338 Plutarchum
737 2269 955 2356 relinquendi.
987 2271 1061 2347 Qua
1088 2290 1167 2338 vero
1196 2269 1251 2336 ille
1275 2272 1404 2337 ratione
1426 2271 1561 2338 editoris

333 2379 442 2448 officio
461 2379 596 2446 iunctus
621 2378 677 2458 sit,
705 2377 773 2463 ipse
796 2397 855 2443 nos
884 2378 1024 2463 ingenue
1051 2378 1206 2444 certiores
1230 2377 1326 2456 faoit;
1353 2399 1436 2464 quae
1460 2381 1562 2448 verba

333 2489 419 2554 tanti
437 2487 501 2556 viri
520 2490 572 2574 pie
588 2484 719 2570 quidem
738 2481 946 2571 excipienda¹
966 2506 973 2551 :

379 2594 508 2661 «Haeo
536 2593 614 2660 sunt
640 2611 723 2676 quae
751 2591 786 2656 in
814 2590 986 2658 Plutarchi
1010 2589 1108 2658 Vitas
1131 2589 1322 2672 Parallelas‚
1343 2593 1501 2660 nimirum
1526 2595 1560 2660 in

333 2704 421 2772 locos
444 2703 502 2788 qui
525 2701 623 2768 aliter
648 2700 807 2786 leguntur
830 2701 889 2766 aut
914 2698 1041 2786 legendi
1065 2699 1240 2780 videntur,'
1262 2699 1355 2766 licuit
1385 2701 1557 2784 annotare,

333 2813 460 2878 omissis
489 2810 789 2897 plerisque'eorum
818 2808 874 2893 qui
901 2808 1026 2894 inipso
1053 2807 1210 2874 contextu
1228 2807 1392 2874 emendati
1411 2808 1557 2881 fuerunt.

332 2922 378 2986 De
396 2917 601 3006 quorundam
626 2918 714 2982 enim
733 2914 1013 2981 emendationibus
1038 2918 1139 3001 (quas
1157 2914 1375 3001 deprehendet
1399 2917 1457 3002 qui
1476 2917 1560 2983 haue
1680 2985 1683 2992 ,

263 3041 265 3048 ·
332 3027 509 3095 editionem
535 3045 610 3092 oum
637 3022 861 3110 superioribus
885 3021 1043 3106 conferet)
1070 3023 1269 3088 mentionem
1293 3022 1400 3088 facere
1425 3025 1559 3090 minime

332 3156 462 3203 necesse
480 3127 677 3210 existimavi,
696 3125 933 3219 quod'minime
951 3132 1183 3200 controversae
1198 3132 1331 3218 possent
1350 3152 1432 3212 esse,
1450 3151 1558 3216 prae-

334 3248 501 3328 terquam
520 3242 786 3328 quadratorum
801 3240 1072 3323 eoeemplcra'am
1086 3241 1283 3306 autoritate
1298 3239 1560 3322 confirmaren-

332 3356 403 3416 tur.
423 3351 552 3434 Neque
564 3349 663 3415 enaim
677 3349 869 3432 quicquam
883 3348 960 3412 acsi
972 3366 1019 3412 ecc
1033 3347 1108 3412 illis
1123 3349 1276 3431 petitum
1293 3348 1333 3411 tu
1347 3350 1560 3412 coattestatur

332 3457 597 3524 admittendam
615 3456 834 3530 eaistimaoc]
856 3472 958 3537 quum
983 3452 1105 3537 alioqui
1129 3472 1221 3520 meas.
1236 3453 1270 3518 in
1289 3452 1447 3537 quosdam
1471 3452 1558 3519 locos

332 3565 537 3653 conjecturas
555 3561 709 3636 haberem
728 3561 768 3626 de
782 3560 903 3646 quibus
917 3559 1166 3648 refragaturum
1189 3560 1271 3626 mihi
1291 3561 1454 3626 neminem
1471 3561 1557 3626 veri·

332 3671 437 3738 simile
456 3671 537 3736 erat.
563 3667 710 3755 Exempli
729 3668 850 3754 gratia,
868 3667 957 3733 hune
971 3666 1094 3755 Pyrrhi
1113 3667 1221 3734 locum
1241 3667 1312 3752 (ubi
1331 3668 1492 3734 Laconica
1506 3669 1559 3734 est

332 3776 517 3862 dimotus),
534 3815 579 3828 -
593 3779 620 3844 αἱ
639 3779 690 3860 μὲν
705 3779 762 3843 ἐσσὶ
781 3784 811 3842 τύ
831 3802 867 3861 γε
880 3780 954 3858 θεὸς,
970 3777 1048 3842 οὐδὲν
1062 3778 1243 3860 phuaitarum
1257 3776 1302 3859 (οὐ
1315 3775 1369 3862 γὰρ
1382 3773 1554 3861 ἀδικεῦμεν)Ι
1666 3785 1671 3792 “

332 3886 360 3951 αἱ
378 3888 409 3952 δὲ
428 3890 583 3973 ἄνθρωπος,
603 3889 679 3950 ἔσεαι
696 3888 743 3950 καὶ
757 3892 958 3970 πευκαρπῶν
977 3888 1081 3967 ἄλλος,
1098 3883 1308 3970 -poteram
1328 3903 1370 3948 ex
1390 3903 1463 3949 mea
1482 3904 1558 3950 con·

328 3993 458 4081 jectura
484 3991 681 4072 restituere,
716 3988 808 4056 foede
837 3988 960 4075 alioqui
987 3989 1201 4077 depravatum
1233 3991 1268 4056 et
1296 3991 1343 4055 ita
1374 3990 1413 4057 ut
1445 3991 1558 4058 multis

332 4102 500 4188 negotium
523 4099 719 4167 exhibuerit.
742 4101 817 4166 Jam
840 4098 912 4164 tum
937 4099 1026 4164 enim
1051 4097 1354 4166 animadvertebam
1379 4098 1428 4163 ita
1450 4118 1558 4163 emen-

331 4207 440 4274 danda
456 4228 526 4274 esse
539 4206 707 4294 postrema
720 4206 821 4273 verba
834 4211 926 4273 ἔσεται
941 4210 988 4271 καί
1006 4231 1064 4272 τευ
1078 4209 1211 4293 sappus
1226 4210 1330 4289 ἀλλος,
1348 4206 1386 4271 ut
1400 4206 1434 4273 in
1446 4205 1558 4269 Anno-

329 4314 514 4381 tationibus
546 4312 651 4379 docui.
683 4316 773 4391 Quae
806 4311 992 4379 emendatio
1028 4310 1191 4400 ejusmodi
1229 4313 1278 4378 est
1314 4311 1354 4377 ut
1389 4310 1557 4378 meliorem

331 4422 565 4511 expectaturus
580 4441 645 4488 non
661 4420 704 4486 sit
716 4421 794 4504 (nisi
805 4419 902 4488 valde
916 4418 1028 4504 fallor)
1039 4420 1226 4504 quicunque
1240 4420 1369 4485 illorum
1382 4418 1556 4486 verborum

361 4735 384 4786 l.
402 4735 445 4786 Ad
457 4735 558 4787 calcem
569 4732 976 4786 AnnotauonuminPluterchi
990 4731 1077 4795 Vitas,
1090 4738 1109 4784 t.
1122 4731 1192 4795 XIII,
1208 4747 1234 4797 p.
1248 4715 1304 4782 463.
1409 4759 1411 4762 .
1498 4759 1501 4764 ·
1545 4759 1549 4766 ·
