3568 5472
512 407 557 456 nn
581 407 770 456 rnurnuonr
794 408 914 456 eonion
937 408 1158 456 unrnrrnusr.
1410 392 1452 456 15

223 527 371 607 ἀνθοῦντος
398 535 461 596 τότε
488 533 667 618 μάλιστατγ)
700 533 779 620 δόξῃ,
812 537 860 599 καὶ
887 531 932 598 διόι
957 532 1007 616 την
1035 533 1133 618 πρᾶξιν
1162 529 1244 598 οὖσαν
1272 536 1448 619 περιόόητον.

229 679 372 759 Ἀκούσας
395 677 440 746 οὑν
460 687 474 746 ό
495 679 679 765 Δημοσθένης
696 687 750 748 τῶν
769 685 944 748 διδασκάλων
969 685 1016 747 καὶ
1039 689 1094 748 τῶν
1112 687 1301 767 παιδαγωγῶν
1327 689 1449 748 συντιθε-

222 838 314 915 μένων
332 846 366 920 τγ)
380 836 442 920 δίκη
461 845 642 920 παρατυχεῖν,
661 838 753 900 ἔπεισε
771 835 817 900 τόν
832 840 928 899 ἑαυτοῦ
942 835 1122 918 παιδαγωγόν
1136 837 1268 914 δεόμενος
1282 836 1331 899 καὶ
1346 840 1449 919 προθυ-

223 1035 362 1110 μούμενος
378 1027 456 1105 ’όπως
470 1028 551 1095 αὐτδν
566 1023 668 1113 σίγάγοι
681 1031 751 1116 πρός
768 1029 818 1112 τὴν
838 1025 979 1115 ἀκρόασιν.
1007 1025 1045 1093 Ὁ
1060 965 1091 1094 δδέ
1106 1031 1180 1113 ἔχων
1200 1031 1269 1115 πρδς
1287 1029 1352 1105 τοὺς
1371 1023 1450 1093 άνοί·

223 1206 325 1265 γοντας
340 1180 375 1247 τόι
389 1186 550 1268 δικαστήρια
568 1184 713 1262 δημοσίους
734 1185 875 1263 συνήθειαι
894 1180 1029 1265 εὑπόρησε
1049 1178 1154 1274 χώραςι
1165 1180 1194 1243 ἐν
1213 1182 1232 1266 ᾖ
1254 1187 1415 1264 καθημενσς
1435 1186 1450 1244 δ

387 1331 389 1336 ·
443 1311 576 1370 ἆκοὺσεται
585 1320 632 1368 τῶν
645 1315 781 1382 λεγομένων
796 1315 855 1376 (43).
888 1310 1095 1380 Εὑημερήσαντος

224 1395 289 1460 παῖς
307 1380 422 1467 ἀδήλως
440 1379 604 1470 όικρσάσεται
622 1388 677 1446 τῶν
695 1386 849 1465 λεγόντων.
867 1381 1092 1467 Εὑημερίσαντος
1111 1381 1141 1445 δέ
1160 1393 1209 1446 τοὺ
1229 1379 1447 1468 Καλλιστράτου

223 1540 271 1602 καὶ
286 1539 488 1616 θαυμασθέντος
505 1539 661 1618 ὑπερφυῶς,
679 1533 785 1597 ἐκείνου
803 1531 854 1612 μέν
875 1533 1001 1612 ἐζήλωσε
1019 1531 1068 1614 τὴν
1088 1530 1171 1607 δόξαν
1190 1537 1262 1617 όρῶν
1284 1513 1449 1617 προπεμπό-Ι

318 1675 366 1727 ὑπδ
375 1676 424 1724 τῶν
434 1675 531 1725 πολλῶν
546 1672 595 1734 (44)

225 1765 308 1823 μενον
352 1743 404 1805 ὑπό
423 1742 540 1804 πολλῶν
603 1740 650 1803 καί
675 1741 907 1823 μακαριζόμενον,
937 1748 985 1801 τοὺ
1008 1737 1039 1801 δὲ
1062 1740 1150 1820 λόγου
1173 1740 1287 1818 μᾶλλον
1312 1738 1451 1819 ἐθαύμασε

703 1889 747 1925 om
761 1874 811 1936 (46)
1196 1875 1332 1928 τιθασεύειν

224 1948 272 2008 καὶ
295 1947 447 2025 κατενόησε
465 1937 520 2024 (⁴⁵)
540 1943 589 2024 την
619 1941 695 2026 ίοχθν
742 1945 781 2019 ῶς
825 1942 915 2006 πάντα
937 1947 1096 2028 χειροῦσθαι
1116 1944 1348 2014 καί“τιθασσεόειν
1368 1968 1450 2026 πεφυ-

224 2091 316 2162 κότος.
346 2081 435 2150 Ὅθεν
459 2087 544 2160 ἐάσας
567 2083 602 2149 τὰ
626 2083 715 2150 λοιπόι
738 2090 890 2166 μαθήματα
914 2086 961 2148 καί
984 2081 1034 2160 τόις
1058 2082 1187 2160 παιδικὰς
1210 2082 1348 2170 διατριόόις
1371 2086 1452 2160 αὑτός

225 2227 305 2292 αὑτόν
319 2233 399 2306 ἤσκει
413 2229 460 2292 καὶ
475 2229 591 2291 διεπόνει
604 2236 665 2302 ταῖς
679 2227 822 2306 μελέταις,
849 2228 887 2301 ῶς
901 2225 934 2288 ἂν
950 2219 1007 2305 (⁴⁷)
1031 2232 1085 2289 τῶν
1100 2229 1242 2308 λεγόντων
1258 2227 1391 2307 ἐσόμενος
1404 2229 1451 2290 καί

226 2369 306 2444 αὑτός
324 2363 391 2451 (⁴⁸).
419 2363 579 2453 Ἐχρήσατο
598 2363 629 2430 δέ
657 2361 752 2450 Ἰσαίῳ
770 2366 840 2450 πρὸς
862 2367 908 2430 τόν
931 2369 1020 2449 λόγον
1039 2372 1175 2452 ὑφηγητῇ,
1197 2370 1297 2452 καίπερ
1320 2364 1449 2453 Ἰσοκρά-

224 2535 287 2586 τους
299 2509 574 2592 τότεσχολάζοντος,
592 2511 658 2582 είτε,
676 2505 716 2582 ῶς
729 2529 801 2582 τινες
814 2509 939 2600 λέγουσι,
956 2509 1003 2571 τόν
1017 2510 1167 2594 ὡρισμένον
1180 2510 1275 2588 μισθόν
1297 2505 1452 2595 Ἰσοκράτει

224 2650 399 2736 τελέσαιμι)
426 2651 586 2730 δυνάμενος,
611 2645 661 2724 τὰς
685 2651 754 2713 δέκα
777 2626 859 2728 μνᾶς,
890 2645 934 2712 διόι
954 2649 1003 2731 τὴν
1027 2648 1167 2734 όρφανίαν,
1194 2655 1250 2714 εἴτε
1267 2654 1380 2730 μᾶλλον
1403 2662 1451 2716 τοὺ

231 2844 333 2912 Ἰσαίου
345 2847 392 2910 τόν
405 2848 494 2929 λόγον
507 2847 546 2920 ῶς
560 2848 721 2930 δραστήριον
735 2846 783 2908 καί
792 2776 1050 2929 momentano)
1059 2846 1108 2928 τὴν
1118 2849 1215 2931 χρείαν
1228 2841 1447 2931 ἀποδεχόμενος.

223 3046 387 3137 Ἕρμιππος
415 2982 588 3133 δέφδιῗσθίσόν
599 2981 715 3131 ίτ5όίητὴς
734 3045 895 3125 ἀδεσπότοις
908 3053 1098 3132 ὑπομνήμασιν
1118 3050 1252 3134 ἐντυχεῖν,
1274 3052 1303 3115 ἐν
1322 3047 1363 3127 οἷς
1382 3052 1449 3135 ἐγέ-

224 3272 330 3334 γραπτο
344 3247 391 3311 τόν
410 3243 592 3326 Δημοσθένην
607 3248 842 3329 συνεσχολακέναι
853 3177 960 3309 engi)
972 3243 1110 3310 Πλάτωνι
1123 3248 1171 3311 καὶ
1183 3250 1314 3312 πλεῖστον
1328 3247 1368 3324 είς
1386 3250 1452 3326 τοὺς

224 3395 328 3474 λόγους
354 3385 511 3484 ὠφελῆσθαι
541 3406 548 3420 ’
576 3387 726 3470 Κτησιόίου
752 3388 783 3453 δέ
811 3393 946 3476 μέμνηται
974 3392 1110 3471 λέγοντος
1137 3415 1213 3475 παρα
1243 3390 1376 3457 Καλλίου
1401 3405 1449 3458 τοὺ

732 3527 774 3585 τὰς
789 3524 948 3612 Ἰσοκράτους
962 3526 1010 3587 (52)
1328 3566 1329 3570 ,

225 3595 414 3680 Συρακουσίου
438 3595 485 3656 καί
503 3616 582 3656 τινων
602 3595 702 3658 ἄλλων
720 3596 767 3658 καὶ
785 3593 836 3671 τόις
867 3594 1017 3678 Ισοκράτσυ
1040 3599 1141 3679 τέχνας
1164 3597 1211 3659 καί
1234 3593 1285 3672 τόις
1306 3593 1447 3661 Ἀλκιδά-

650 3732 807 3796 Δημοσθένην

225 3825 327 3883 μαντος
339 3804 429 3885 κρύφα
446 3802 570 3864 λαθόντα
583 3801 630 3863 τόν
646 3795 813 3879 Δημοσθένη
828 3804 1010 3879 καταμαθεῖν.

267 4021 323 4088 43.
348 4019 452 4100 Nihil,
477 4018 595 4100 fateor,
619 4016 743 4085 habent
767 4015 956 4083 offensionis
971 4017 1152 4084 voeabula:
1175 4025 1189 4085 ὁ
1213 4032 1278 4098 παῖς
1303 4016 1449 4089 ἀκούσεται

223 4137 277 4195 τῶν
291 4133 465 4212 λεγομένων.
480 4125 526 4190 At
536 4124 652 4199 saltem
667 4127 773 4212 magis
783 4124 913 4211 proprie
923 4122 1077 4209 loquetur
1088 4125 1287 4190 Plutarchus
1302 4127 1329 4191 si
1340 4125 1446 4194 dioet:

224 4243 318 4313 όπαῖς
335 4232 501 4321 όικρσάσεται
518 4240 572 4299 τῶν
591 4238 744 4317 λεγόντων.
764 4229 814 4298 Cf.
837 4231 1004 4315 Pompeii
1019 4232 1078 4298 vit.
1096 4251 1125 4296 c.
1142 4231 1246 4313 XLII,
1263 4231 1285 4298 l.
1301 4231 1345 4298 28
1366 4253 1373 4297 ἰ
1397 4231 1449 4299 Ἐν

223 4345 255 4410 δέ
283 4341 376 4428 Ῥόδῳ
399 4346 549 4424 γενόμενος
571 4343 680 4406 πάντων
715 4340 766 4420 μὲν
798 4340 954 4425 ἠκροάσατο
986 4347 1040 4406 τῶν
1073 4348 1216 4425 σοφιστῶν,
1248 4339 1312 4405 eto.
1344 4338 1450 4406 Paulo

223 4447 374 4527 interino,
399 4465 457 4531 pro
484 4451 638 4533 λεγόντων,
669 4446 703 4509 in
728 4463 795 4529 qna
821 4445 985 4529 scriptura
1012 4445 1041 4512 N
1070 4446 1104 4511 et
1134 4446 1203 4512 fere
1229 4445 1300 4512 tota
1323 4445 1450 4512 familia

222 4553 444 4638 Sintenioiena
454 4551 531 4640 jure
544 4552 718 4633 consentit,
735 4550 858 4637 legitur
872 4551 986 4618 itidem
1002 4553 1036 4617 in
1046 4552 1235 4638 Mosquensi
1252 4551 1285 4618 et
1296 4553 1449 4619 Parisino

225 4660 436 4730 B⁰codioibus
453 4665 628 4744 λεγομένων.
