3568 5472
336 480 381 547 22
855 499 884 547 c.
911 497 1040 546 ακκυπ.

337 625 485 712 εὐεργέτην
500 625 613 710 ἐπῄνει·
630 622 762 709 Κρασσδν
773 624 804 691 δέ
813 638 863 706 τῆς
877 601 1021 706 δυνάμεως
1033 629 1188 713 μακαρίσας
1200 627 1337 711 ἐμέμφετο
1346 638 1396 707 της
1410 627 1558 712 διατριύῆς,

338 780 483 859 μέλλοντα
495 779 543 843 καὶ
556 781 845 863 παρασκευαζόμενον,
862 776 955 864 ὥσπερ
969 777 1066 844 ’ότλων
1082 778 1155 864 αὐτῷ
1170 781 1323 859 δεησόντων
1335 772 1400 860 (⁵⁹),
1418 775 1448 842 σύ
1462 783 1564 863 χειρῶν
1622 827 1626 836 .

1223 877 1266 911 om

351 935 394 986 καί

339 1001 402 1066 ούδέ
420 1005 512 1066 ποδῶν
529 1007 585 1067 τῶν
612 1005 760 1085 ταχίστων,
783 999 826 1065 ἐπ’
855 997 1015 1088 ἀνθρώπους
1038 1000 1065 1067 οἳ
1081 1003 1169 1067 πάλαι
1188 1006 1311 1083 ζητοῦσιν
1339 1002 1513 1088 ἁρπάσαντες
1529 998 1565 1065 τὰ

739 1167 751 1178 -
782 1166 793 1178 -
825 1154 869 1190 om
900 1167 912 1179 ·
941 1167 954 1178 ·
1392 1136 1543 1193 ἀναπτέσθαι

338 1206 487 1290 τιμιώτατα
500 1212 555 1271 τῶν
572 1207 724 1292 χρημάτων
742 1209 790 1272 καί
808 1209 955 1288 σωμάτων,
973 1207 1013 1286 εἷς
1032 1207 1147 1285 Σκύθας
1165 1209 1184 1292 ἢ
1204 1205 1360 1295 Ὑρκανούς
1380 1203 1562 1273 άναπτᾶσθαι.

744 1318 755 1329 .
783 1318 796 1330 .
826 1306 872 1343 0111
902 1319 914 1332 .
943 1319 956 1330 .

340 1433 359 1476 (ι
384 1411 484 1478 Καίτοι
509 1413 647 1498 μάχεσθαι
672 1417 844 1496 μέλλοντας,
872 1417 936 1500 ἔφη,
961 1418 1088 1481 σπεύδειν
1112 1418 1180 1498 έδει,
1201 1415 1263 1502 πρὶν
1290 1411 1433 1480 ἅπασαν’
1423 1437 1452 1478 εν
1474 1411 1565 1498 ταύτῷ

338 1623 466 1706 γενέσθαι
482 1617 532 1702 τήν
552 1621 664 1702 δύναμιν
678 1615 920 1752 άναθαρρήσαντος
939 1623 1090 1701 βασιλέως
1114 1615 1257 1758 ’Ξρτεεῒὲνυν
1271 1645 1307 1705 γε
1326 1619 1473 1706 Σουρήνας
1485 1551 1564 1768 [Ξφῐύρί]

612 1795 734 1858 Σελευκης
744 1791 818 1856 (60)
807 1815 843 1891 εφ
837 1796 956 1855 ’ἑαυτοὺς

276 1911 282 1930 .
339 1865 524 1949 πσέρόόληται
541 1887 589 1928 και
579 1862 812 1963 Σιλλάκης,’
803 1861 843 1964 αφ’
865 1864 963 1941 αύτους
977 1858 1175 1945 ἀναδεξάμενοι
1188 1861 1238 1946 τήν
1252 1854 1430 1939 δίωξιν,όδ
1433 1856 1489 1926 ὀύ
1492 1862 1566 1940 δαμή

609 1945 739 2008 Σαυλάιιης
805 1944 843 2001 ἐπ’
855 1943 945 2007 αύτούς

1316 2013 1430 2102 θνωδητ
1440 2015 1489 2077 (61)

341 2091 457 2173 φανερός
478 2087 546 2151 ἑ.στι
563 2086 742 2152 »Ταύταδὲ
711 2085 795 2170 δήν
814 2091 880 2171 ψευδ
881 2097 899 2170 ή
918 2087 1019 2152 πάντα.
1038 2082 1192 2172 Διχήρ
1137 2110 1192 2172 γαρ
1217 2083 1246 2149 εύ
1248 2084 1295 2160 θύς
1312 2081 1481 2234 ὁίφχξήφδ
1466 2077 1567 2148 διελὼν

340 2355 390 2438 τήν
401 2353 682 2436 δύναμιν,ἀυτοςμέν
701 2351 851 2461 Ἀρμ.ίναν
866 2355 988 2441 ἐπόρθει,
1003 2360 1159 2435 τιννύμενος
1176 2284 1405 2442 Αύτράύύάζσηύην·
1398 2352 1567 2437 Σουρήναν

342 2502 477 2591 αφῆκ
478 2531 491 2570 ν
512 2507 556 2572 ἐπὶ
576 2504 745 2588 Ρωμαίους,
768 2504 820 2590 ούχ
838 2509 1027 2593 ὑπερφροσύνῃ
1045 2505 1201 2592 χρώμενός,
1224 2508 1263 2582 ὡς
1249 2509 1346 2570 ἐ’νιοί
1364 2529 1441 2591 φασιν
1457 2501 1543 2590 (ού
1513 2528 1568 2589 γαρ

389 2651 434 2698 τοῦ
446 2641 521 2698 αύτοῦ
536 2644 586 2706 (62)

342 2713 377 2796 ἦν
410 2713 508 2794 αύτού,
550 2712 683 2798 Κράσσον
702 2711 753 2794 μέν
777 2709 909 2789 ἀπαξιοῦν
928 2707 1142 2796 ἀνταγωνιστήν,
1164 2717 1252 2798 ἄνδρα
1275 2709 1426 2794 Ῥωμαίων
1444 2719 1565 2800 πρῶτον,

415 2803 495 2850 ταῦτα
656 2815 659 2822 ·

370 2899 509 2989 Ἀρταθάζη
1300 2910 1392 2980 κώμαις
1406 2914 1454 2976 (63)

349 2971 542 3067 Αρταωάσδῃ
561 2981 631 3047 M
610 2985 830 3068 Μροσπολεμεν
850 2984 899 3047 “²
913 2992 974 3058 ταις
998 2979 1230 3067 Αθθῑδίωδὲ““’
1198 3005 1283 3047 W
1301 2981 1407 3084 χώραις
1426 2983 1517 3070 ἑξαιρε
1516 2981 1565 3067 ἵν)

589 3171 629 3222 μοι
641 3158 711 3208 δοκεῖ
722 3155 771 3217 (64)
1301 3063 1413 3154 [κῷμαις]

343 3218 423 3288 άλλύι
440 3226 488 3288 καί
506 3223 576 3288 πάνυ
612 3227 718 3359 ὶδογεῑ
733 3224 941 3301 καταδείσας
913 3246 959 3288 πον
973 3248 1000 3287 κι
995 3223 1149 3305 ’νδυνον,’
1121 3223 1250 3304 αυτδςμε
1252 3247 1266 3288 ν
1282 3224 1435 3314 ἐφεδρεύειν
1450 3228 1498 3290 και
1513 3250 1568 3302 κα-

593 3325 637 3373 μν
666 3314 719 3359 οκεῑ

345 3448 470 3531 ραδοκεϊν
483 3445 514 3509 τδ
530 3447 639 3526 μέλλον
657 3470 664 3484 ·
682 3444 828 3532 Σουρήναν
842 3444 873 3510 δέ
892 3451 1068 3532 προκαθεῖναι
1082 3451 1281 3533 πειρασόμενον
1301 3381 1407 3534 QZ,
1423 3451 1471 3515 καὶ
1490 3472 1569 3534 περι-

345 3593 464 3674 ε’λξονπα
472 3595 536 3673 τούς
545 3597 709 3678 πολεμίους.
727 3597 804 3663 Ούδέ
818 3596 874 3685 γάρ
885 3597 983 3681 ήνπῶν
996 3603 1134 3684 τυχόντων
1150 3604 1165 3664 ό
1185 3599 1343 3687 Σουρήνας,
1361 3597 1441 3667 ἀλλὰ
1456 3606 1571 3686 πλούτῳ

1390 3739 1484 3801 νεότητι

345 3804 396 3886 μὲν
414 3807 462 3869 καὶ
480 3809 554 3888 γένει
575 3806 623 3869 καὶ
642 3801 721 3891 δόξῃ,
739 3803 809 3886 μετά
827 3807 946 3885 βασιλέα
964 3809 1090 3891 δεύτερος
1108 3832 1114 3846 ·
1132 3801 1243 3894 ἀνδρείᾳ
1256 3806 1287 3872 δέ
1305 3809 1353 3872 καὶ
1371 3811 1504 3889 δεινότητι
1515 3812 1571 3872 τῶν

344 3948 406 4158 ἐξ,
419 3961 507 4156 &vl
516 4009 546 4076 ἑν
559 4007 687 4095 Πάρθοις
705 4017 833 4097 πρῶτος·
851 4013 891 4078 ἔτι
905 4011 943 4146 δέὶ
958 4017 1070 4095 μεγέθει
1090 4013 1139 4078 καὶ
1151 4013 1256 4078 κάλλει
1275 3943 1572 4095 σώματος,ὅύὲςούδεὶς

356 4115 388 4149 κα
403 4101 439 4149 ἀ
455 4097 497 4148 τὸν
900 4115 933 4148 κα

345 4255 450 4340 ἕτερος.
475 4249 636 4333 Ἐξήλαυνε
656 4250 687 4316 δὲ
707 4249 771 4320 καθ’
787 4254 883 4317 ἑαυτὸν
900 4187 951 4319 {lesit
962 4257 1069 4338 χιλίαις
1084 4258 1336 4340 σκευοφορούμενος
1354 4257 1506 4337 καμήλοις,
1523 4257 1572 4320 καὶ

345 4407 486 4504 διακοσίας
500 4397 609 4487 άπήνας
618 4403 738 4488 ἐπήγετο
752 4408 949 4472 παλλακίδων.
964 4403 1073 4486 Ἱππεῖς
1085 4406 1116 4472 δὲ
1129 4409 1315 4494 κατάφρακτοι
1329 4410 1428 4493 χίλιοι,
1441 4409 1572 4483 πλείονες

346 4558 377 4624 δέ
395 4564 449 4623 τῶν
463 4561 571 4642 κούφων
586 4563 778 4645 παρέπεμπον.
801 4557 874 4644 Εἶχε
889 4560 920 4625 δέ
938 4559 1002 4637 τούς
1017 4567 1177 4643 σύμπαντας
1191 4565 1282 4638 ἱππεῖς
1296 4563 1366 4642 όμού
1389 4560 1517 4637 πελάτας
1541 4583 1572 4625 πε

345 4775 393 4838 καί
407 4776 537 4852 δούλους,
549 4774 651 4859 μυρίων
670 4773 720 4839 ούκ
739 4708 1124 4859 άπαδέοντας.1ίίὶοιύάταγένος
1142 4775 1193 4857 μέν
1208 4771 1254 4841 σύν
1269 4777 1300 4854 ἐξ
1315 4770 1406 4861 άρχής
1419 4776 1566 4856 ἐκέκτητο,
