3568 5472
327 455 371 518 34
847 472 877 518 c.
905 470 1033 518 aauux,

327 594 434 661 facete
449 592 639 675 dictasunt,
655 593 758 661 Ἀλλά
768 598 831 681 περὶ
848 595 899 676 μέν
915 603 1018 662 τούτων
1031 593 1109 686 (καί
1131 605 1255 685 ἐτέρων
1274 596 1441 686 γελοίων)
1456 604 1558 686 καίπερ

329 708 368 768 ἔτι
382 706 472 770 πλείω
486 708 582 786 λέγειν
598 706 711 788 ἔχοντες
726 704 849 767 ἐνταῦθα’
857 708 1030 785 παυσόμεθα.
1042 739 1087 752 -
1100 703 1190 769 [bid.
1207 725 1235 770 υ.
1254 703 1337 770 XIV
1355 723 1362 769 :
1380 705 1512 770 Φαίνεται
1527 708 1558 772 δὲ

327 815 376 878 καί
394 809 606 895 (Δημοσθένης)
629 809 700 890 μετά
723 813 876 896 παρρησίας
898 812 1020 891 μάλιστα
1043 816 1181 898 τῷδήμῳ
1204 817 1404 896 διαλεγόμενος
1421 816 1469 877 καί
1489 817 1559 900 πρὸς

327 917 378 996 τάς
405 921 549 998 ἐπιθυμίας
574 923 628 982 τῶν
651 919 768 982 πολλῶν
796 912 949 982 ἀντιτείνων
975 922 1056 1000 κτλ.,
1088 921 1127 996 ῶς
1154 921 1187 984 ἐκ
1211 927 1265 984 τῶν
1291 924 1386 1003 λύγων
1410 916 1559 1008 (αὐτῶν)

326 1031 424 1092 λαθεῖν
444 1028 512 1091 ἐστι.
534 1059 580 1072 -
601 1021 693 1088 Ibid.
715 1042 743 1087 c.
766 1022 911 1088 XXVIII
936 1042 944 1087 ε
966 1025 1207 1109 Μεταγειτνιῶνος
1225 1027 1276 1107 μέν
1294 1023 1441 1113 (μηνὸς)
1458 1035 1476 1108 ἡ
1495 1031 1558 1114 περὶ

329 1134 486 1220 Κραννῶνα
507 1134 588 1217 μάχη
607 1136 747 1196 συνέπεσε.
770 1165 814 1177 -
834 1130 928 1196 Ibid.
948 1151 975 1195 s.
993 1128 1050 1196 fin.
1073 1131 1218 1216 ejusdem
1232 1133 1372 1218 capitis:
1395 1131 1558 1221 Ὑπερείδου

328 1243 359 1306 δέ
377 1244 425 1306 καί
442 1243 491 1323 τὴν
510 1245 640 1324 γλῶτταν
660 1240 828 1321 ἐκτμηθῆναι
847 1234 1012 1325 (ζῶντος)
1029 1243 1172 1323 λέγουσιν.
1193 1276 1239 1288 -
1259 1233 1439 1307 Ciceronis
1457 1241 1558 1306 eiiam

327 1347 389 1414 vit.
412 1366 441 1412 e.
458 1345 505 1412 ul
524 1365 552 1409 S.
574 1341 631 1409 fin.
653 1365 660 1409 :
679 1345 738 1410 Καὶ
752 1344 807 1431 γάρ
826 1345 860 1426 ἢν
879 1349 966 1422 ὅντως
983 1342 1060 1432 (τὴν
1080 1343 1171 1433 ἕξιν)
1189 1346 1282 1431 ίσχνδς
1299 1351 1346 1414 καί
1362 1353 1495 1437 ἄσαρκος.
1513 1384 1558 1397 -

327 1454 435 1534 Ibid.‚
456 1472 485 1518 c.
503 1452 582 1517 XIX
606 1471 613 1516 2
640 1449 786 1519 Εἰσελθὼν
810 1448 855 1517 ούν
878 1458 893 1517 δ
912 1453 1044 1538 Κικέρων
1062 1450 1138 1540 (καί
1156 1452 1363 1542 γενόμενος)
1376 1455 1444 1523 καθ’
1461 1462 1554 1538 αύτύν,

327 1565 433 1648 ὀλίγων
446 1564 617 1628 παντάπασιν
633 1561 706 1646 αύτῷ
720 1565 874 1646 παράντων,
893 1562 1044 1646 ἐφρύντιζεν
1059 1563 1135 1638 θπως
1147 1555 1282 1647 χρήσαιτο
1300 1575 1358 1639 τοῖς
1372 1559 1495 1651 ἀνδράσι.
1513 1599 1558 1610 -

327 1668 430 1749 Ιίὶίιί.,
459 1689 487 1734 υ.
516 1667 613 1733 XXII
644 1686 651 1731 :
678 1665 777 1754 Ὀρῶν
802 1669 833 1732 δέ
856 1668 984 1744 πολλοὺς
1003 1673 1042 1734 ἐτι
1060 1665 1143 1754 (τῶν
1162 1666 1246 1757 άπὸ)
1267 1684 1317 1751 της
1338 1676 1509 1752 συνωμοσίας
1528 1674 1557 1736 ἐν

328 1773 418 1865 ἀγορᾷ
436 1785 606 1853 συνεστῶτας
624 1771 742 1862 οἰθρύους
759 1780 825 1841 κτλ.
854 1810 899 1823 -
927 1775 1031 1852 Ιύίυί.,
1060 1795 1087 1840 c.
1110 1776 1233 1840 XXIX.
1259 1777 1325 1842 Pro
1348 1778 1485 1864 vulgata
1510 1783 1558 1844 καί

326 1898 406 1950 τοῦτο
431 1883 475 1950 διά
503 1884 619 1950 Τύλλου
647 1885 720 1959 τινάς
747 1883 918 1968 πράττουσαν
948 1879 1017 1964 (ubi
1041 1881 1183 1946 malebat
1206 1882 1378 1968 Xylander
1397 1874 1522 1951 Τυλλίου
1547 1906 1554 1951 :

327 1989 370 2058 cf.
383 1993 505 2070 tamen,
523 2010 552 2056 o.
565 1990 690 2069 XVIII,
708 1990 791 2055 Τίτον
801 1989 861 2054 τινά
871 1989 1068 2075 Κροτωνιάτην
1083 1995 1230 2073 κομίζοντα
1241 1989 1292 2068 τάς
1302 1993 1465 2075 ἐπιστολάς)
1476 1993 1558 2078 legi-

328 2099 384 2164 θυι·
398 2099 431 2162 in
447 2097 635 2163 Matritensi
654 2096 740 2162 libro
756 2101 803 2162 καί
822 2089 901 2162 τοῦτο
921 2096 966 2161 διὰ
985 2096 1098 2162 Θύλδου
1119 2099 1198 2181 (sio)
1216 2102 1288 2176 τινδς
1305 2095 1477 2186 <Ταραντί
1483 2096 1558 2187 νου)

326 2208 509 2292 πράττουσαν.
537 2240 583 2253 -
608 2203 777 2288 Compar.
805 2202 905 2268 Deio.
927 2203 963 2268 ei
988 2201 1100 2268 θύσειν.
1127 2222 1155 2268 c.
1184 2203 1199 2268 Ι
1228 2224 1255 2268 s.
1278 2201 1336 2268 fin.
1366 2201 1482 2272 εὍθεν
1509 2210 1557 2273 καὶ

327 2318 464 2380 δύσκολον
484 2315 565 2378 αύτδν
584 2318 609 2377 οἱ
628 2314 723 2397 ἐχθροί
744 2315 791 2378 καί
812 2315 974 2398 δύστροπον,
994 2315 1034 2388 ὡς
1053 2313 1135 2388 αύτύς
1158 2337 1246 2397 φησιν,
1272 2307 1432 2378 ἀπεκάλουν
1451 2309 1556 2400 (προ-

327 2417 471 2507 δήλως).
488 2455 533 2468 -
549 2416 675 2484 Crassi
690 2417 750 2484 vii.
772 2437 801 2484 o.
819 2417 930 2483 XXVI
953 2439 960 2483 :
988 2416 1043 2496 Ὡς
1062 2421 1195 2484 ἐκέλευσε
1212 2422 1259 2484 πδν
1278 2423 1334 2485 υίδν
1354 2423 1485 2502 ἐμθαλεῖν
1500 2434 1558 2498 τοῖς

328 2525 456 2613 Πάρθοις
479 2531 527 2591 καί
553 2552 594 2602 τις
620 2526 694 2612 αύτῷ
718 2520 824 2611 (μετὰ
843 2522 983 2612 μικρὸν)
1006 2531 1127 2610 ηγγειλε
1148 2524 1263 2611 (vulgo
1285 2531 1333 2591 καί
1359 2553 1400 2604 τις
1422 2533 1556 2612 ἤγγειλεν

242 2699 245 2706 ,
327 2635 400 2721 αύτῷ
422 2632 559 2718 legitur)
580 2631 689 2718 μακράν
714 2634 818 2718 τροπὴν
845 2630 979 2698 εἶναικαὶ
1002 2635 1092 2710 δίωξιν
1119 2630 1232 2720 ἰσχυράν
1256 2641 1310 2698 τῶν
1327 2638 1470 2714 πολεμίων
1486 2640 1553 2700 κτλ.

325 2777 371 2791 -
388 2740 550 2826 Aqesiioi
566 2740 628 2805 vii.
654 2758 683 2804 c.
710 2738 726 2803 I
754 2759 781 2803 s.
803 2725 879 2802 flu:
907 2737 1075 2826 Ἀγησιλάῳ
1099 2742 1129 2805 δὲ
1154 2744 1201 2805 καί
1224 2753 1303 2806 τοῦτο
1322 2743 1442 2828 ὑπῆρξεν
1469 2746 1553 2822 ίδιον,

327 2851 418 2915 ἐλθεῖν
443 2851 488 2916 ἐπὶ
512 2851 543 2915 τδ
563 2853 659 2936 σ’ίρχειν
685 2849 724 2931 μὴ
750 2844 912 2912 ἀπαίδευτον
935 2843 1034 2935 (τοῦ)
1057 2851 1201 2934 ἄρχεσθαι.
1232 2883 1277 2895 -
1300 2848 1466 2932 Pompeii
1491 2849 1553 2914 vit.

326 2975 354 3021 e.
376 2954 440 3021 VII
467 2974 474 3019 ἱ
502 2954 584 3022 Ἐπεί
603 2958 633 3021 δέ
657 2959 704 3022 καὶ
725 2953 801 3041 παρά
818 2962 872 3019 τῶν
898 2959 1041 3036 πολεμίων
1070 2951 1286 3031 ἀντεξίππευσαν
1311 2961 1335 3021 οἱ
1360 2955 1481 3031 Κελτοί,
1509 2958 1555 3021 τὸν

326 3071 434 3150 πρῶτον
452 3058 598 3150 (αὐτῶν)
616 3067 663 3128 καί
682 3060 904 3148 ῥωμαλεώτατον
921 3063 1014 3146 φθάνει
1028 3065 1129 3137 παίσας
1142 3063 1174 3125 ἐκ
1188 3064 1283 3147 χειρὸς
1297 3065 1390 3147 δάρατι
1404 3065 1451 3127 καί
1465 3087 1554 3126 κατα-

327 3169 433 3236 θαλῶν.
463 3205 509 3218 -
535 3169 708 3235 Aioibiod.
732 3168 792 3234 vit.
821 3187 850 3234 ο.
872 3167 935 3233 XV
960 3187 987 3231 S.
1014 3164 1071 3231 fin.
1099 3187 1107 3232 ε
1138 3165 1286 3250 Ὀμνύουσι
1304 3167 1359 3255 γάρ
1382 3168 1422 3250 (σί
1447 3168 1554 3252 έφηύοι)

326 3279 401 3363 θροις
418 3284 568 3365 χρήσεσθαι
587 3277 648 3360 (sio
669 3275 811 3341 scribere
823 3274 898 3341 vuli
917 3273 1047 3339 Gabriel
1066 3273 1165 3340 Cobet
1189 3274 1364 3340 Μιιυαιου.
1389 3295 1465 3340 nov.
1488 3295 1551 3339 ser.

328 3384 353 3449 ί.
375 3385 423 3451 VI
444 3404 451 3448 :
474 3383 595 3449 codices
615 3375 770 3468 praebeut
788 3383 958 3470 χρησασθαι)
976 3395 1026 3465 της
1047 3380 1180 3465 Ἀττικῆς
1197 3397 1304 3468 πυροῖς,
1321 3390 1439 3470 κριθαῖς,
1461 3375 1554 3465 άμπέ-

326 3497 399 3574 λοις,
416 3488 595 3579 <συκαῖς,)
608 3494 728 3573 ἐλαίαις,
746 3490 849 3556 οἰκείαν
864 3496 998 3555 ποιεῖσθαι
1008 3494 1199 3572 διδασκόμενοι
1213 3491 1262 3573 τὴν
1277 3489 1380 3575 ἥμερον
1391 3492 1438 3555 καί
1448 3515 1556 3574 καρπο-

327 3604 420 3685 φάρον.
433 3634 479 3647 -
490 3595 672 3663 Coriolani
689 3596 749 3662 vii.
772 3617 800 3662 c.
819 3596 866 3663 IV
887 3617 913 3663 S.
936 3593 994 3660 fin.
1021 3615 1028 3659 ε
1045 3595 1176 3682 Μάρκιος
1190 3593 1268 3684 δέἰῄ
1287 3601 1368 3683 μητρί
1381 3600 1429 3662 καί
1442 3595 1493 3672 τάς
1507 3608 1554 3660 τοῦ

327 3709 431 3792 πατρὸς
445 3707 564 3790 ἐφείλειν
579 3707 695 3792 χάριτας
714 3705 840 3785 οέάμενος
854 3705 904 3769 ούκ
919 3706 1108 3785 ἐνεπίμπλατο
1127 3705 1176 3787 τὴν
1196 3703 1390 3786 Οὐολουμνίαν
1407 3704 1555 3789 εὐφραίνων

326 3817 374 3879 καὶ
388 3820 484 3894 τιμῶν,
504 3810 582 3878 ἀλλά
598 3816 646 3878 καί
660 3824 778 3896 γυναῖκα
792 3815 966 3894 βουλομένης
980 3815 1028 3878 καί
1043 3816 1178 3893 δεομένης
1190 3807 1369 3898 (ἐκείνης)
1383 3815 1472 3894 ἐγημε
1485 3814 1552 3874 κτλ.

326 3955 372 3968 -
389 3918 491 3999 Ibid„
514 3938 542 3984 c.
565 3918 643 3982 XIII
665 3937 672 3982 :
693 3918 779 4005 Αὑτῷ
799 3919 849 4001 μέν
869 3918 947 3984 οθδέν
965 3917 1100 4000 ἐξείλετο,
1122 3918 1186 3995 τούς
1205 3918 1234 3982 δέ
1251 3913 1555 4004 <συ·)στρατευσαμέ-

327 4053 389 4105 νους
407 4024 505 4094 πολλά
519 4027 569 4108 μέν
584 4031 704 4110 ἄγοντας
719 4030 804 4111 ἔχων,
822 4023 964 4091 πολλὰδὲ
979 4031 1112 4111 φέροντας
1130 4027 1286 4107 ἐπανῆλθεν
1305 4024 1343 4101 είς
1357 4026 1406 4107 τὴν
1424 4020 1552 4105 Ῥώμην.

326 4169 371 4183 -
392 4133 499 4213 ibid„
521 4153 549 4199 c.
571 4132 687 4200 XXVI
706 4153 734 4197 S.
761 4129 818 4196 fin.
844 4152 851 4196 :
873 4128 1049 4216 Συναγαγὼν
1068 4133 1220 4214 ἐκκλησίαν
1239 4133 1382 4213 πάνδημον
1402 4130 1556 4206 δΤύλλιος

328 4240 390 4323 (sic
407 4240 510 4327 Npro
524 4242 667 4324 Τύλλος),
690 4244 750 4306 ἐπεί
769 4243 815 4305 τδν
827 4245 953 4321 πόλεμον
973 4241 1148 4324 ἐψηφίσαντο,
1167 4243 1346 4304 συνεύούλευε
1364 4241 1410 4303 τδν
1425 4238 1555 4323 Μάρκιον

327 4354 446 4415 καλέσαι
461 4350 548 4432 μηδὲν
561 4350 633 4435 αύτῷ
653 4360 900 4430 μνησικακοῦντας,
918 4343 998 4413 οἰλλά
1009 4352 1206 4424 πιστεύσαντας
1219 4347 1259 4411 δτι
1274 4353 1427 4430 συμμαχῶν
1440 4341 1554 4431 ὠφελη-

328 4482 368 4521 σει
386 4452 441 4542 (τὸ
462 4453 580 4543 ἐθνος)
602 4458 654 4520 ’σ’σα
672 4458 805 4536 πολεμῶν
823 4455 873 4519 οὐκ
888 4458 1020 4538 ἐύλαψεν.
1038 4452 1161 4527 Quibus
1176 4452 1287 4519 vorbis
1306 4455 1337 4517 τὸ
1357 4455 1435 4528 έθνος
1454 4451 1555 4515 iuter·

326 4561 442 4648 positis
463 4581 638 4628 concursus
659 4560 821 4628 vocalium
841 4559 927 4645 apud
947 4559 1165 4649 Plutarchum
1181 4579 1321 4644 ,prorsus
1341 4556 1555 4624 intolerabilis

327 4666 466 4755 ὠφελητςι
490 4672 541 4734 ’ἐπα
561 4667 700 4733 ίοίίίίιιΓ.

373 4777 444 4841 Etsi
463 4775 532 4864 jam
547 4796 646 4861 supra
660 4774 743 4859 (vid.
761 4795 851 4840 num.
870 4775 920 4857 5.)
936 4794 1001 4839 nou
1019 4773 1118 4839 saniei
1133 4773 1428 4841 animadvertimus
1443 4771 1554 4836 hiatus
