3568 5472
325 443 369 508 54
848 454 878 500 c.
906 451 1033 502 onaux.

326 583 396 650 vati
403 581 580 649 omittitur.
593 579 704 665 Vulgo
711 578 878 664 ceteroqui
887 577 1010 664 legitur
1027 596 1035 641 2
1051 576 1111 644 Καὶ
1120 579 1151 641 τὸ
1160 577 1361 662 ἐπίγραμματδ
1369 577 1555 663 θρυλούμενον

328 693 470 779 ἐπεγράφη
488 703 522 777 τῃ
537 690 615 769 βάσει
633 699 680 754 τού
696 683 865 774 ἀνδριάντος.
883 683 935 752 Cf.
956 684 1025 750 Vii.
1043 683 1117 750 dec.
1136 685 1229 748 orni.
1246 701 1276 748 c.
1288 681 1416 747 XLIV:
1440 680 1483 746 Τὸ
1511 681 1556 747 ἐπὶ

325 810 376 881 της
394 797 500 873 εἰκόνος
513 796 595 860 αὐτού
615 796 742 878 ἐλεγεῖον
762 795 1004 879 ἐπιγεγραμμένον
1018 793 1071 856 teci
1089 796 1143 856 τῶν
1165 787 1322 870 Ἀθηναίων
1340 789 1463 875 ὕστερον.

374 937 450 1004 113.
477 934 658 1008 Demosth.
672 933 732 1000 vit.
749 953 779 1000 c.
802 933 941 1016 XXIII:
960 932 1043 999 Post
1057 930 1242 997 Thebarum
1262 928 1460 1010 exscidium,
1481 949 1555 996 cnm

327 1044 455 1132 peterat
468 1041 659 1108 Alexander
671 1041 709 1106 ut
724 1039 957 1106 Demosthenes
972 1059 1046 1106 cum
1060 1057 1176 1104 novem
1195 1037 1267 1102 aliis
1286 1036 1327 1102 ab
1339 1056 1377 1102 oo
1392 1036 1555 1103 stantibus

326 1151 515 1218 oratoribus
525 1148 794 1228 sibitraderetur‚
805 1151 1016 1230 βουλευομένων
1028 1153 1082 1212 τῶν
1097 1145 1254 1228 Ἀθηναίων
1266 1149 1314 1212 καί
1325 1150 1526 1233 διαπορούντων
1541 1151 1556 1212 δ

328 1260 466 1342 Δημάδης
483 1253 579 1324 λαύὼν
598 1263 679 1323 πέντε
697 1257 823 1323 τάλαντα
843 1252 920 1341 παρὰ
937 1261 992 1320 τῶν
1006 1250 1112 1339 ἀνδρῶν
1131 1257 1301 1337 ὡμολόγησε
1317 1257 1491 1340 πρεσύεύσειν
1509 1258 1557 1320 καί

328 1371 471 1450 δεήσεσθαι
489 1377 536 1430 τού
557 1368 697 1445 βασιλέως
714 1353 783 1448 ὑπὲρ
809 1361 908 1442 αύτῶν,
931 1367 987 1425 είτε
1008 1373 1042 1447 τῇ
1063 1364 1140 1447 φιλίᾳ
1157 1364 1302 1436 πιστεύων,
1323 1366 1377 1424 είτε
1396 1364 1556 1446 προσδοκῶν

328 1475 427 1556 μεστδν
446 1477 567 1559 εὑρήσειν
587 1471 680 1558 ὥσπερ
700 1475 805 1536 λέοντα
822 1473 903 1554 φίνου
921 1473 1136 1554 κεκορεσμένον.
1153 1464 1273 1533 Ἕτεισε
1292 1465 1316 1532 δ’
1337 1463 1383 1532 οὖν
1401 1471 1448 1532 καί
1466 1491 1557 1552 παρη·

323 1588 428 1665 ’τήσατο
446 1581 511 1656 τοὺς
529 1583 632 1667 ἄνδρας
646 1583 661 1643 δ
676 1577 797 1642 Φωκίων
816 1579 864 1642 καί
878 1573 1032 1659 διήλλαξεν
1051 1576 1125 1661 αύτῷ
1142 1575 1192 1659 τήν
1211 1580 1305 1640 πάλιν.
1322 1572 1403 1659 Gap.
1419 1573 1553 1642 XXIV:

272 1722 276 1728 ·
333 1685 525 1764 Ἀπελθδντος
543 1685 567 1752 δ’
590 1684 781 1771 Ἀλεξάνδρου
801 1685 923 1769 μεγάλοι
940 1683 991 1765 μέν
1012 1683 1082 1765 ήσοιν
1103 1681 1186 1764 οὗτοι,
1208 1679 1324 1748 ταπεινὰ
1342 1680 1366 1746 δ’
1389 1686 1521 1768 ἔπραττεν
1541 1689 1556 1750 δ

328 1765 521 1876 Δημοέθένης.
544 1791 597 1857 Ita
615 1793 706 1875 (nam
723 1795 880 1878 πρεσύεύειν
899 1809 958 1875 pro
977 1794 1164 1877 πρεσύεύσειν,
1187 1793 1294 1856 ἔπεισεν
1321 1784 1367 1854 οὖν
1385 1807 1446 1874 pro
1464 1777 1556 1856 ἔπεισε

328 1900 352 1966 δ’
374 1897 431 1982 σύν,
449 1902 538 1966 αὐτῶν
552 1919 611 1985 pro
626 1900 712 1986 αύτῷ,
730 1897 841 1983 lapsus
860 1896 948 1963 inter
967 1893 1175 1962 scribendum
1194 1914 1382 1962 communes
1399 1896 1444 1961 nil
1463 1899 1560 1982 curo)

328 2008 361 2072 in
381 2006 489 2074 codice
511 2007 541 2074 N
560 2005 682 2092 legitur
705 2005 816 2090 nilque
839 2005 953 2070 samus
974 2002 1154 2070 desiderari
1176 2003 1296 2089 potest.
1321 2003 1368 2067 De
1386 2022 1422 2068 re
1443 2003 1555 2069 autem

328 2115 411 2200 ipsa,
434 2112 477 2210 ef.
506 2114 565 2181 vii.
589 2113 760 2178 Phocion.
783 2131 811 2177 ο.
833 2112 956 2178 XVII:
974 2112 1017 2178 Τὸ
1036 2112 1087 2193 μέν
1108 2108 1153 2176 οὖν
1172 2119 1281 2198 πρῶτον
1299 2118 1425 2196 ψήφισμα
1440 2117 1556 2196 λέγεται

334 2220 536 2308 Ἀλέξανδρον,
558 2225 597 2298 ὡς
612 2225 709 2302 eleos,
727 2228 802 2307 ῥῖψαι
820 2223 867 2286 καί
888 2230 981 2304 φυγεῖν
1000 2215 1207 2305 ἀποστραφέντα
1223 2218 1288 2294 τούς
1305 2223 1433 2304 πρέσύεις
1449 2244 1456 2259 ·
1474 2222 1505 2284 τδ
1525 2221 1556 2284 δέ

328 2335 453 2416 δεύτερον
478 2327 591 2405 ἐδέξατο
619 2329 750 2409 κομισθέν
777 2331 831 2393 aee
855 2327 1020 2404 Φωκίωνος,
1040 2334 1095 2392 τῶν
1110 2330 1299 2413 πρεσύυτέρων
1320 2322 1428 2391 ἀκούων
1450 2327 1492 2391 ’ὁτι
1508 2331 1557 2393 καί

327 2437 470 2512 Φίλιππος
489 2438 627 2517 ἐθαύμαζε
645 2437 691 2500 τδν
711 2439 796 2521 ἄνδρα
814 2449 910 2501 τοῦτον
933 2462 939 2476 ·
962 2438 1009 2500 καὶ
1033 2435 1063 2499 ού
1088 2438 1172 2516 μόνον
1195 2433 1244 2516 τήν
1269 2432 1386 2510 ἔντευξιν
1410 2437 1555 2513 ὑπέμεινεν

328 2546 410 2610 αὑτοῦ
430 2544 477 2608 καὶ
495 2542 544 2625 τήν
565 2546 668 2623 δέησιν,
691 2537 836 2607 ἀλλὰκαὶ
855 2545 1091 2622 συμύουλεύοντος
1108 2547 1211 2622 ἤκουσε
1227 2545 1293 2605 κτλ.
1317 2537 1556 2605 Verumtamen

227 2719 234 2732 ,
318 2652 361 2715 in
374 2649 444 2716 'hoc
461 2648 525 2714 vit.
545 2647 722 2714 Damoeta.
740 2646 810 2714 loco
824 2647 925 2733 vulgo
939 2646 1062 2732 legitur
1083 2666 1091 2710 ε
1111 2649 1160 2712 καί
1178 2653 1357 2734 παρῃτήσατο
1374 2646 1439 2723 τοὺς
1454 2651 1556 2734 ἄνδρας

327 2764 342 2824 δ
364 2758 528 2840 Δημάδης
549 2760 597 2823 καὶ
620 2757 773 2840 διήλλαξεν
800 2758 874 2843 αύτῷ
901 2745 950 2840 τήν
969 2761 1063 2821 πόλιν.
1085 2752 1179 2819 Unde
1202 2752 1295 2818 nobis
1314 2752 1368 2820 hia
1386 2751 1556 2820 advenerit

326 2863 484 2930 Demades
495 2862 589 2931 facile
599 2861 760 2930 ostdictu.
772 2865 922 2948 Namque
932 2861 1284 2948 vulgarisrocensionIs
1293 2861 1418 2941 auctor,
1428 2862 1480 2928 cui
1488 2882 1554 2927 non

326 2972 411 3038 alter
432 2970 486 3036 illo
503 2969 699 3038 Phocionis
719 2970 810 3036 vitae
833 2968 923 3034 locus
945 2969 1054 3034 anImo
1070 2966 1317 3046 obversabatur,
1338 2967 1555 3034 Plutarchum

326 3079 475 3145 nostrum
494 3077 679 3163 discrepare
698 3076 805 3142 noluit
826 3097 846 3142 a
865 3075 1021 3158 Diodoro,
1046 3095 1143 3161 quem
1165 3074 1243 3141 audi
1259 3075 1384 3159 (XVII,
1405 3077 1474 3155 κν,
1486 3077 1522 3160 5)
1544 3097 1553 3142 :
1591 3057 1593 3064 ¹

332 3186 370 3252 ‘O
385 3186 564 3272 hidensibus
578 3190 758 3272 πρεσύεύσας,
775 3189 823 3251 καὶ
836 3199 870 3272 τῇ
884 3198 932 3251 τοῦ
946 3189 1035 3268 λύγου
1048 3189 1180 3265 δεινότητι
1194 3185 1284 3249 πάντα
1297 3185 1551 3270 κατεργασάμενος,

326 3298 420 3362 ἔπεισε
442 3295 489 3358 τδν
514 3291 705 3380 Ἀλέξανδρον
728 3289 868 3358 ἀπολῦσαι
890 3293 954 3369 τοὺς
974 3297 1079 3378 ἄνδρας
1101 3298 1155 3356 τῶν
1179 3292 1368 3375 ἐγκλημάτων
1390 3293 1437 3356 καὶ
1459 3283 1556 3355 τᾶλλα

326 3401 416 3466 πάντα
430 3415 606 3486 συγχωρήσαι
621 3412 678 3478 τοῖς
697 3398 867 3483 Ἀθηναίοις.
884 3397 1025 3464 Demade
1035 3398 1069 3462 in
1084 3397 1173 3463 huna
1182 3395 1315 3462 modum
1327 3416 1387 3483 pro
1393 3396 1556 3462 Phocione

326 3507 387 3573 snb
407 3526 476 3593 cap.
491 3507 605 3572 XXIII
623 3505 722 3573 finem
741 3497 925 3573 substituto
940 3507 1012 3593 jam
1029 3504 1233 3570 claudicabat
1251 3505 1367 3591 capitis
1387 3505 1555 3590 sequentis

326 3614 523 3700 principium
546 3634 554 3678 :
577 3613 662 3699 qnod
683 3633 763 3680 sane
782 3612 869 3700 fugit
888 3613 987 3700 prisci
1006 3613 1097 3679 illius
1117 3611 1363 3698 Interpolatoris
1377 3631 1502 3692 aurem,
1518 3612 1556 3678 at

326 3741 390 3786 non
411 3719 458 3785 ita
472 3720 583 3786 Jacobi
602 3721 733 3787 Reiske.
757 3723 926 3808 «Μεγάλου
943 3719 1192 3806 stetinensium}
1210 3720 1351 3796 Quinam
1367 3718 1520 3786 biennii
1534 3741 1553 3783 υ

325 3829 423 3914 rogat
445 3827 512 3894 ille.
536 3851 554 3894 ιι
575 3828 730 3895 Demades
754 3829 925 3912 nimirum,
952 3829 992 3896 de
1008 3849 1072 3914 quo
1089 3829 1124 3894 in
1139 3827 1327 3895 continente
1344 3826 1409 3894 fuit
1427 3827 1555 3914 exposi-
1651 3894 1655 3900 ,

326 3933 420 4002 tnmi
434 3935 498 4013 Qui
515 3936 625 4002 autem
641 3934 758 4022 porro?
781 3936 836 4004 Nil
856 3936 895 4003 de
913 3957 1078 4023 quoquam
1097 3936 1161 4002 alio
1180 3934 1231 4001 est
1249 3935 1551 4002 commemoratum.

327 4044 428 4128 Paret
456 4042 711 4110 Atheniensium
739 4063 793 4109 eos
819 4042 985 4130 designari
1017 4045 1075 4130 qui
1101 4043 1336 4111 Macedonibus
1369 4041 1552 4114 studascnt.

326 4151 453 4219 Verum
484 4149 555 4220 οὗτοι
588 4149 744 4230 offendit,
779 4152 825 4217 sic
849 4151 1046 4239 projectum.
1077 4173 1096 4217 ν
1124 4151 1219 4218 Nunc
1250 4151 1377 4233 autem,
1409 4170 1483 4217 cum
1516 4149 1555 4216 de

326 4257 466 4324 Demade
480 4259 512 4324 et
525 4261 703 4326 Phocione
717 4259 827 4326 actum
842 4258 898 4341 sit,
916 4259 988 4346 jam
1001 4279 1067 4325 non
1087 4257 1166 4337 οὗτος
1181 4256 1328 4325 offendit.

372 4401 448 4468 114.
473 4400 650 4468 Alcibiad.
671 4403 731 4469 vit.
755 4421 783 4468 c.
806 4403 887 4468 XIX
910 4422 917 4467 :
938 4401 1135 4490 Arguebant
1154 4402 1287 4490 quidam
1304 4401 1556 4468 AthenIansinm

326 4508 531 4575 Alcibiadem
562 4511 657 4594 quasi
689 4529 840 4596 perverse
869 4510 1039 4577 Eleusinia
1075 4511 1238 4597 mysteria
1274 4509 1424 4575 imitatus
1456 4509 1552 4582 esset.

325 4614 456 4703 Ἔλεγον
476 4619 507 4684 δέ
525 4616 745 4708 Θεόδωρονῖμέν
762 4645 822 4687 τινα
841 4626 908 4706 δρᾶν
927 4618 963 4685 τὰ
980 4631 1027 4686 τοῦ
1045 4627 1178 4707 κήρυκος,
1203 4619 1388 4685 Πουλυτίωνα
1407 4617 1438 4684 δέ
1456 4615 1491 4682 τὰ
1506 4628 1554 4682 τού

325 4729 474 4812 δᾳδούχου,
500 4723 536 4792 τὰ
563 4727 594 4791 δέ
618 4741 666 4794 τοῦ
691 4729 847 4815 ίεροφάντου
872 4729 919 4794 τὸν
940 4725 1136 4810 Ἀλκιύιάδην,
1157 4727 1222 4804 τούς
1244 4725 1267 4792 δ’
1293 4727 1404 4802 ἄλλους
1431 4727 1554 4810 ἑταίρους
