3568 5472
495 465 537 512 nn
563 464 752 512 Puurnncrn
776 463 890 530 comen
914 463 1134 513 nrarmrmvsn
1389 448 1432 512 35

63 579 65 584 ’
157 613 159 618 ·
204 592 286 657 istos
308 588 520 656 offensionem
544 590 578 654 in
605 589 743 675 vulgata
769 588 1016 669 contrahentes,
1042 589 1077 653 in
1102 589 1132 657 N
1158 589 1287 674 saepius
1312 588 1434 675 optime

204 699 318 778 vitari,
338 699 391 763 hic
409 698 500 778 libet,
522 699 691 762 occasione
709 696 804 777 data,
827 695 890 762 duo
910 695 1088 780 quaemihi
1111 698 1144 761 in
1165 697 1306 761 mentem
1323 715 1434 761 occur·
1459 757 1462 762 .

204 806 294 886 runt,
316 804 435 869 addere
452 804 602 889 exempla
616 802 762 868 locorum
781 802 926 889 ejusdcm
939 803 1080 889 generis,
1104 804 1197 868 varie
1216 802 1359 889 quidem,
1377 804 1433 870 sed

204 911 332 978 frustra
354 931 374 976 a
399 913 480 978 viris
504 911 609 978 doctis
638 911 847 1000 vexatorum.
865 912 1034 994 Pompeii
1052 909 1157 996 igitur
1171 910 1232 976 vit.
1250 930 1278 975 c.
1298 910 1377 975 VIII
1397 913 1433 974 in

203 1019 299 1084 libris
319 1019 410 1104 typis
434 1019 598 1104 expressis
617 1017 726 1083 exstat
749 1037 757 1082 ε
788 1016 876 1084 Ἀλλ’
899 1020 977 1094 εθθθς
997 1018 1037 1094 είς
1054 1021 1103 1101 τὴν
1126 1019 1272 1101 Κελτικὴν
1290 1017 1335 1084 ὑπ’
1352 1019 1433 1084 αὐτοῦ

204 1132 398 1208 πεμπόμενος,
424 1129 457 1208 ἣν
481 1130 555 1211 ἔχων
582 1131 596 1190 ὁ
621 1126 775 1201 Μέτελλος
794 1127 885 1191 ἐδόκει
910 1127 995 1206 μηδὲν
1019 1125 1095 1202 άξιον
1121 1127 1247 1210 πράττειν
1271 1139 1327 1218 τῆς.
1344 1151 1435 1210 παρα-

205 1246 318 1315 σκευῆς,
344 1235 374 1297 σθ
404 1237 502 1308 καλῶς
530 1237 589 1316 ἔφη
617 1235 656 1316 ’ἐχ
664 1257 709 1296 ειν
734 1237 916 1318 πρεσθθτερον
940 1235 987 1297 καί
1006 1235 1163 1318 προθχοντα
1181 1231 1248 1318 δόξῃ
1269 1235 1435 1317 στρατηγίας

205 1339 384 1426 ἀφαιρεῖσθαι.
404 1339 468 1404 Ubi
484 1338 621 1405 Carolus
636 1336 780 1403 Sintenis
801 1357 994 1404 concursum
1012 1336 1174 1404 vocalium
1194 1336 1364 1403 ferendum
1379 1358 1434 1402 ne-

206 1465 287 1532 gans
302 1449 352 1512 οθκ
367 1452 417 1532 ἔφη
434 1452 533 1522 καλῶς
552 1451 626 1531 ἔχειν
641 1445 830 1531 conjectura
845 1444 1092 1528 assequebatur.
1115 1442 1177 1509 Sed
1192 1465 1265 1511 cum
1281 1444 1311 1510 N
1326 1443 1434 1530 potius

206 1552 411 1619 scribendum
435 1573 442 1616 :
464 1555 494 1618 σθ
513 1557 612 1630 καλῶς
631 1558 705 1639 ἔχειν
728 1558 790 1638 ἔφη.
816 1551 995 1618 Ciceronis
1014 1572 1092 1618 vero
1111 1552 1172 1618 vit.
1196 1572 1223 1616 c.
1247 1552 1310 1618 VII
1329 1571 1356 1615 s.
1374 1550 1432 1616 fin.

206 1661 251 1726 M.
277 1659 375 1725 Tullii
402 1660 507 1745 lepide
537 1660 661 1726 dict-um
688 1681 708 1725 a
737 1659 917 1725 Plutarcho
940 1659 1053 1725 nostro
1080 1658 1224 1724 refertur
1252 1659 1343 1724 hoc:
1375 1660 1433 1724 Του·

207 1771 236 1834 δὲ
261 1776 377 1856 ῥήτορος
406 1767 568 1855 Ὁρτηνσίου
589 1768 699 1852 (sicN
725 1788 784 1854 pro
810 1768 902 1854 vulg.
936 1766 1098 1855 Ὁρτησίου)
1122 1771 1170 1851 τὴν
1197 1769 1247 1849 μὲν
1266 1769 1372 1832 εθθεῖαν
1395 1774 1434 1851 τῷ

206 1876 302 1963 Βέρρῃ
324 1888 458 1941 συνειπεῖν
477 1879 516 1960 μὴ
535 1882 706 1960 θελήσαντος
721 1877 783 1960 (sic
798 1875 828 1942 N
848 1895 855 1939 :
873 1874 975 1960 vulgo
989 1874 1146 1939 scribitur
1161 1877 1199 1958 μὴ
1213 1873 1431 1958 τολμήσαντος),

206 1987 235 2048 ἐν
254 1985 285 2048 δὲ
305 1991 344 2069 τῷ
360 1991 491 2066 τιμήματι
511 1990 669 2060 πεισθέντος
687 1989 890 2070 παραγενέσθαι
909 1988 957 2048 καί
971 1988 1106 2059 λαθὸντος
1125 1985 1302 2067 ἐλεφαντίνην
1321 1983 1435 2066 Σφίγγα

206 2097 313 2172 μισθόν,
335 2089 409 2156 εἶπέν
434 2117 459 2156 τι
484 2092 544 2174 (sic
567 2090 612 2172 N)
632 2095 762 2176 πλαγίως
786 2097 800 2156 θ
824 2092 955 2176 Κικέρων
970 2094 1040 2177 πρὸς
1059 2093 1139 2155 αὐτόν
1160 2115 1166 2129 ·
1187 2103 1235 2155 τοῦ
1253 2092 1283 2154 δὲ
1301 2097 1435 2174 φήσαντος

207 2199 372 2283 αἰνιγμάτων
396 2203 504 2264 λύσεων
528 2195 649 2284 ἀπείρως
675 2203 776 2284 ἔχειν·
800 2221 818 2262 ι(
839 2199 899 2263 Καί
924 2200 978 2280 μὴν
1003 2200 1048 2263 ἐπὶ
1073 2211 1122 2278 τῆς
1147 2197 1235 2273 οἰκίας
1253 2199 1301 2279 τὴν
1321 2197 1436 2279 Σφίγγα

207 2309 292 2390 ἔχεις.
311 2325 329 2368 ν
352 2304 508 2370 «Verius
526 2311 647 2383 λύσεως,
666 2325 684 2367 »
701 2304 749 2369 ait
763 2303 876 2370 Daniel
890 2301 1131 2388 Wyttenbach‚
1147 2301 1303 2367 Iacobum
1314 2301 1436 2366 Reiske

206 2411 338 2476 secutus
360 2431 367 2474 ε
390 2430 488 2495 quam
511 2411 733 2496 conjecturam
759 2411 890 2496 egregie
913 2410 943 2476 N
970 2409 1154 2496 confirmat,
1176 2410 1211 2473 in
1231 2428 1295 2492 quo
1315 2407 1436 2472 diserte

205 2523 314 2596 λύσεως
331 2518 466 2603 legitur.
487 2518 582 2584 Nunc
602 2518 713 2584 autem
734 2518 811 2583 audi
831 2517 1055 2604 Augustinum
1074 2518 1189 2602 Bryan
1214 2537 1220 2580 :
1246 2538 1263 2580 (ι
1284 2517 1435 2580 Inseren-

206 2624 283 2689 dum
308 2625 359 2689 est
386 2630 448 2710 ἔφη.
480 2625 540 2691 Καὶ
568 2627 633 2709 μὴν,
665 2631 727 2711 ἔφη,
759 2629 803 2692 ἐπὶ
831 2633 896 2692 κτλ.
919 2645 938 2688 υ
963 2627 1040 2710 Ιίζλιιει
1069 2623 1180 2710 spreta
1205 2622 1435 2688 observatione

206 2731 343 2798 Carolus
363 2731 507 2796 Sintenis
523 2731 652 2798 hiatum
673 2732 804 2797 incaute
819 2752 838 2797 a
857 2732 970 2797 critico
987 2731 1124 2796 allatum
1140 2731 1249 2798 vita'ns
1264 2728 1436 2814 vulgatam

206 2839 291 2904 male
318 2839 468 2904 retinuit.
497 2839 671 2925 Scriptura
695 2837 813 2905 codicis
836 2841 866 2907 N
893 2839 1111 2926 recipienda:
1141 2841 1201 2905 Καὶ
1226 2841 1281 2922 μὴν
1310 2840 1355 2903 ἐπὶ
1386 2851 1437 2918 τῆς

206 2947 295 3022 οἰκίας
308 2942 340 3032 <,
355 2951 405 3034 ἔφη
420 2943 451 3034 ,>
468 2949 517 3031 τὴν
537 2948 651 3034 Σφίγγα
671 2953 747 3033 ἔχεις
765 2948 895 3031 (melius
916 2946 1013 3012 detur
1031 2949 1080 3030 τὴν
1096 2944 1199 3032 Σφίγγ’
1220 2944 1321 3030 ἔχεις).

251 3115 306 3178 79.
334 3115 591 3180 Demeam-vil.
610 3136 638 3181 0.
657 3118 689 3181 Χ
707 3137 715 3181 :
733 3118 793 3184 Καὶ
813 3124 904 3200 μέντοι
921 3119 1028 3182 καὶτὸν
1046 3115 1228 3197 Δημοσθένην
1248 3117 1324 3199 φασίν
1340 3114 1432 3192 αὐτόν,

207 3223 302 3298 ὁσάκις
325 3224 357 3286 ἂν
379 3219 499 3309 ἀντερῶν
524 3225 597 3310 αὒτῷ
617 3225 738 3290 Φωκίων
758 3221 907 3306 άναθαίνει,
931 3229 1027 3307 λέγειν
1046 3226 1116 3308 προς
1139 3223 1202 3298 τοὺς
1225 3227 1348 3304 συνήθεις
1367 3225 1433 3286 κτλ.

207 3326 403 3412 Scriptorem
429 3334 592 3408 σολοικίζειν
616 3330 741 3396 inserta
762 3330 924 3416 particula
945 3335 978 3396 ἅν
1001 3329 1035 3393 in
1059 3328 1121 3393 hac
1139 3327 1318 3406 sententia,
1340 3345 1436 3409 quem

208 3432 314 3518 fugitl
334 3433 460 3505 Idcirco¹
472 3434 624 3501 delebant
641 3437 804 3502 Henricus
824 3435 977 3501 Schaefcr
1000 3433 1284 3517 Adamantiusque
1304 3432 1433 3498 Coraes

208 3540 295 3604 Bene
312 3538 448 3619 sactum,
466 3541 549 3607 teste
565 3543 671 3608 codice
690 3543 720 3608 N
742 3544 798 3627 qui
821 3543 956 3620 molesta
971 3542 1032 3606 hac
1047 3539 1175 3620 vocula,
1189 3560 1230 3605 ex
1245 3539 1333 3604 mala
1348 3538 1437 3603 initii

208 3645 359 3712 vocabuli
374 3644 493 3735 ἀντερῶν
501 3649 694 3733 repetitione
709 3651 798 3728 nata,
809 3670 942 3735 prorsus
953 3649 1054 3714 caret.
1073 3647 1175 3722 Quam
1190 3647 1301 3710 tamen
1313 3644 1437 3709 frustra

207 3753 292 3817 tueri
318 3751 451 3818 volebat
474 3753 613 3820 Carolus
639 3756 800 3837 Sintenis,
822 3756 941 3822 collato
964 3754 1103 3840 quodam
1127 3753 1216 3820 vitae
1237 3752 1436 3818 Alcibiadis

206 3858 275 3924 loco
298 3860 340 3942 (c.
363 3859 421 3939 VI,
443 3860 466 3925 l.
490 3861 548 3942 23)
575 3882 582 3925 t
606 3863 678 3944 (Τὸν
704 3861 901 3947 Ἀλκιθιάθην)
926 3871 940 3928 ὁ
967 3864 1124 3948 Σωκράτης
1147 3867 1273 3946 θρύψεως
1297 3862 1436 3925 διάπλεων

207 3970 254 4032 καὶ
283 3966 451 4052 χαυνότητος
485 3970 580 4045 ἑοάκις
608 3972 640 4033 ἂν
669 3972 762 4052 λάθοι,
779 3975 879 4045 πιέζων
907 3977 946 4054 τῷ
974 3974 1055 4054 λόγῳ
1069 3972 1116 4033 καί
1131 3971 1292 4032 συστέλλων
1310 3968 1436 4030 ταπεινὸν

207 4077 293 4140 ἐποίει
325 4076 372 4140 καί
405 4079 538 4156 άτολμον.
576 4074 740 4162 corrige„
764 4076 882 4142 codicis
915 4077 944 4142 N
970 4074 1167 4140 auctoritate
1192 4072 1315 4153 sretUS‚
1342 4075 1439 4150 ὁσάκις

207 4178 372 4263 ἀναλάίοι,
394 4181 416 4244 i.
439 4201 468 4245 e.
491 4182 760 4266 quotiescumque
775 4182 867 4248 illum
885 4184 997 4248 denuo
1017 4179 1312 4267 deprehendebat.

250 4299 323 4363 Iam
360 4297 474 4363 contra
511 4299 545 4362 in
584 4299 645 4364 vit.
684 4299 860 4366 Coriolani.
900 4319 928 4364 c.
963 4300 1026 4365 XII
1056 4319 1082 4364 s.
1117 4296 1189 4377 fin,
1220 4296 1305 4362 hanc
1333 4297 1438 4381 ipsam

206 4403 357 4470 voculam
384 4411 418 4470 ἄν
447 4403 625 4471 desiderari
646 4409 735 4472 recte
764 4407 910 4472 senserat
937 4405 1074 4472 Carolus
1103 4404 1258 4481 Sintenis,
1285 4401 1378 4488 cujus
1404 4400 1438 4465 in

206 4511 347 4576 editio'ne
371 4511 498 4576 minore
522 4514 636 4579 contra
660 4514 804 4594 codices,
830 4515 951 4600 legitur
980 4513 1182 4595 εΝομίζοντες
1208 4515 1363 4599 ἐνόπλοις
1391 4511 1439 4574 καὶ

196 4623 384 4704 στρατοπίδῳ
407 4624 455 4684 καί
473 4635 575 4698 κοινοῖς
594 4620 696 4707 άγῶοιν
719 4622 792 4700 sing
807 4629 973 4708 γενομένους
995 4626 1143 4696 πλουσίους
1162 4626 1229 4701 ipsi
1249 4621 1296 4683 καί
1320 4622 1439 4696 πένητας

207 4729 254 4791 καί
273 4727 437 4807 δημοτικοὺς
456 4731 502 4792 καί.
520 4735 676 4814 πατρικίους
692 4730 865 4815 ἡμερώτεραι
880 4726 959 4816 (in)
975 4735 1132 4809 διατεθῆναι
1145 4729 1214 4811 πρὸς
1228 4721 1377 4806 άλληλους
1391 4724 1440 4789 καί
