3568 5472
484 442 528 488 DE
553 439 744 489 PLU'I'ARCHI
767 440 885 488 comen
909 438 1125 488 MATRITENSI.

610 643 802 706 Demosth.
824 642 890 705 vit.
914 659 945 707 c.
972 641 1007 704 1.

244 865 395 953 Ομὲνγ
397 870 487 954 ροίψας
508 871 540 934 τό
559 870 605 934 ἐπὶ
622 880 656 955 τῇ
674 873 738 956 νίκῃ
761 881 812 950 τῆς
837 801 1136 950 ρίδλάίίάιάνσίίλπποδ
1121 867 1276 956 δ’ρομίας
1254 895 1293 946 εις
1317 867 1422 934 Ἀλκι-

195 1014 313 1095 όιοίδην’
303 1011 454 1097 εγκιόμιον,
477 1017 517 1077 είτ
518 1009 661 1097 Ἐόριπίδ
662 1038 708 1094 ης,
726 1015 765 1089 ὡς
780 1017 794 1077 ό
809 1012 898 1089 πολὺς
917 1037 1003 1098 κρατ
989 1023 1015 1077 εἴ
1029 1014 1129 1097 λόγος,
1146 1011 1226 1080 είθ”’
1213 1018 1307 1100 ετερός
1319 1037 1359 1090 τις
1373 1013 1420 1095 ἦν,

195 1203 218 1272 ὦ
194 1141 508 1288 .ΣυίάισωΣ(ε2ιίεκίων,
537 1211 600 1293 φησί
625 1220 725 1293 χρῆναι
742 1141 973 1290 τᾶίάωειίδαίμονι
996 1215 1105 1295 πρῶτον
1131 1206 1297 1294 ὑπάρξαι
1271 1234 1321 1273 ταν
1340 1213 1422 1274 πόλιν

207 1332 336 1402 εὐδόκιμον
643 1353 687 1388 om
702 1339 736 1398 (4)

195 1404 375 1486 ευδόκημον·
398 1399 501 1488 ἑγὼδὲ
517 1412 557 1490 τῷ
571 1403 622 1485 μὲν
662 1412 702 1468 τῶ
749 1403 777 1468 εδ
780 1408 953 1488 δαιμονήσειν
968 1407 1104 1486 μέλλοντι
1118 1405 1167 1489 τὴν
1180 1402 1314 1489 ἀληθινὴν
1330 1405 1422 1470 εθδαι·

1142 1536 1260 1600 διαφέρειν
1269 1528 1377 1600 ἡγοῦμαι
1388 1535 1421 1596 (5)

196 1598 346 1680 μανίαν,
328 1625 363 1682 ης
382 1601 411 1665 ἐν
429 1606 491 1682 ἤθει
513 1603 561 1666 καί
584 1603 752 1666 διαθέσει
725 1627 756 1666 το
777 1603 943 1666 πλείστόν’
934 1627 1017 1682 εστιν,
1041 1602 1071 1667 οὐ
1074 1601 1303 1686 δὲνὴγοΰμαιδ
1305 1626 1365 1686 ιαρ
1352 1607 1422 1688 έρειν

196 1799 295 1883 ἀδόξου
314 1808 361 1871 και
375 1818 507 1889 ταπεινῆς
520 1810 633 1893 πατρίδι
620 1850 649 1883 ς
637 1832 681 1889 η
664 1735 1015 1891 μητρδςᾶμάδόὲόόόλοιι
1031 1816 1133 1893 μικρᾶς
1146 1811 1285 1891 γενέσθαι.
1302 1807 1422 1872 Γελοῖον

194 1967 233 2052 γά
234 1994 289 2055 pe·
285 2019 292 2033 .
285 1973 347 2044 τις
359 1972 441 2032 οίοιτο
455 1967 504 2050 τὴν
526 1963 662 2043 Ἰουλίδα,
678 1971 763 2053 μέρος
778 1969 876 2053 μικρόν
891 1962 972 2032 οὖσαν
990 1992 1021 2031 ου
1008 1967 1167 2050 ’μεγάλης
1179 1974 1263 2051 νήσου
1275 1981 1325 2050 τῆς
1337 1969 1419 2049 Κέω,

1306 2127 1319 2156 V
1351 2125 1366 2157 τ

194 2176 241 2238 καί
263 2173 313 2256 τὴν
336 2171 466 2256 Αίγιναν,
492 2175 526 2255 ἣν
512 2181 603 2237 ντῶν
631 2170 766 2238 Ἀττικῶν
792 2197 832 2248 τις
859 2173 991 2237 ἐκέλευεν
1022 2175 1061 2248 ὡς
1084 2176 1180 2254 λήμην
1208 2101 1337 2238 ἀάόφίάει
1339 2113 1423 2260 ραάἀις

196 2309 512 2464 ἀιόάλλιάιῖωὺποκρίτάς
530 2377 581 2460 μὲν
600 2374 722 2462 ἀγαθοὺς
740 2383 845 2464 τρέφειν
864 2403 912 2443 και
930 2403 974 2442 πο
969 2376 1057 2459 .ητὰς,
1078 2381 1166 2464 ἄνδρα
1184 2312 1217 2442 δδό
1229 2330 1320 2442 ἀάόι”
1300 2381 1334 2443 σίν
1353 2401 1422 2443 ποτε

1253 2524 1267 2556 ο
1296 2525 1307 2556 ε
1397 2505 1412 2554 8

195 2576 323 2638 δύνασθαι
342 2577 446 2639 δίκαιον
464 2576 512 2639 καί
530 2573 653 2660 αότάρκη
672 2577 720 2640 καί
741 2585 804 2640 νοῦν
823 2578 925 2660 ἔχοντα
945 2599 993 2640 και
983 2510 1421 2658 μεγαλόψυχονπρὲἑνενγεχγεάνείν.)

196 2777 259 2855 Τάς
277 2711 368 2861 ογάδίω
388 2777 443 2864 γάρ
464 2781 560 2856 ἄλλας
577 2784 680 2864 τέχνας
700 2779 774 2856 είκός
793 2781 889 2845 ἐστιπ
868 2782 938 2866 πρὸς
958 2781 1088 2866 ἐργασίαν
1103 2711 1183 2844 ὴκάίιο)
1195 2776 1278 2854 δόξαν
1297 2801 1421 2842 συνιστα-

972 2915 1194 2984 ἆπομοιροιίνεοθαι,
1206 2919 1284 2978 τόνδ’
1296 2913 1410 3000 ἀρετὴν

195 2983 330 3064 μένοιςέν
316 2994 413 3061 νταίς
436 2979 546 3063 ἀδόξοις
568 2988 616 3051 και
637 2997 778 3063 ταπειναῖς
799 2981 948 3051 πόλεσιν’
934 3009 1047 3070 οιπομαρ
1050 2989 1180 3065 ένεσθαι,
1187 2985 1237 3066 τόν
1256 2985 1287 3048 δὲ
1306 3009 1325 3047 α
1326 2984 1419 3070 ρετὴν,

194 3144 288 3232 ὥσπερ
309 3144 418 3231 ἰσχυρὸν
441 3149 489 3211 και
515 3147 608 3233 διαρκ
577 3172 627 3224 κς
650 3153 742 3232 φυτόν,
765 3148 793 3212 ἐν
815 3145 914 3212 ἅπαντι
939 3151 1076 3232 ῥιζοῦσθαι
1094 3149 1170 3229 τόπῳ
1192 3142 1344 3229 φύσεώςτ
1332 3183 1346 3208 ε
1366 3137 1421 3226 (¹¹)

679 3281 904 3353 ἔπιλοιμόανομένην
920 3285 968 3347 (12)

194 3362 317 3436 χρηστῆς
341 3376 388 3416 και
411 3355 512 3436 φιλοπό
513 3378 560 3426 vv
584 3361 675 3438 ψυχῆς
716 3355 932 3435 ὲπιλαόομένην.
971 3347 1127 3417 ’Όθε’δν
1080 3355 1127 3416 ονδ
1129 3348 1252 3431 ’ἡμεῖς,
1276 3355 1304 3414 εί
1322 3343 1420 3432 aez(¹³)

565 3506 608 3541 om
623 3491 672 3552 (13)
1106 3496 1136 3566 τῇ
1148 3489 1291 3554 σμικρότητι
1304 3486 1352 3546 (14)

162 3614 166 3619 ,
195 3567 242 3619 τοῦ
263 3567 368 3642 φρονεῖν
388 3559 427 3633 ὡς
445 3560 552 3623 δεῖκαὶ
586 3570 634 3623 τοῦ
675 3561 751 3638 βιοῦν
770 3559 957 3639 ἐλλείπομεν,
992 3568 1072 3622 τοῦτο
1117 3548 1151 3638 ίῆ
1195 3559 1336 3639 μικρότητι
1372 3565 1422 3635 τῆς

192 3701 338 3783 πατρίδος,
361 3695 431 3764 ἀλλ’
448 3704 540 3776 αὑτοῖς
557 3704 670 3777 δικαίως
684 3697 869 3782 ἀναθήσομεν.

1313 3803 1324 3834 ⁸

140 3968 145 3977 .
241 3910 271 3976 1.
303 3909 490 3994 Ὀλυμπίασιν
509 3911 649 3979 debetur
667 3886 851 3980 s'nhaefero.
872 3912 902 3988 N
922 3933 996 3980 cum
1015 3911 1109 3980 codd.
1126 3910 1280 4019 qmm‘bus
1305 3907 1419 3993 Ὀλυμ-

193 4020 296 4084 πιοίσιν.

236 4159 270 4224 2.
297 4159 391 4226 Σόσιε
414 4181 473 4248 pro
497 4163 599 4230 Σόσσιε
622 4162 776 4229 mendum
796 4183 865 4230 esse
884 4160 1016 4228 videtur
1038 4159 1209 4253 proprium
1233 4156 1353 4224 codicis
1374 4156 1416 4225 N.

192 4264 348 4332 ceterum
361 4264 384 4333 ὦ
399 4269 502 4336 Σόσσιε
517 4271 657 4338 Σενεκίων
672 4269 852 4356 genuinum
867 4267 1052 4357 putandum
1068 4267 1130 4334 est.
1148 4265 1199 4333 cf.
1220 4265 1345 4332 Thesei
1355 4263 1416 4330 vit.

191 4374 290 4451 init„
311 4369 425 4463 Ὥσπερ
445 4379 473 4442 ἐν
494 4391 555 4456 ταῖς
572 4385 770 4466 γεωγραφίαις,
788 4375 811 4444 ὦ
827 4379 931 4445 Σόσσιε
954 4379 1096 4444 Σενεκίων
1114 4378 1180 4442 κτλ.
1203 4395 1211 4440 t
1232 4373 1339 4438 Dion.
1356 4371 1416 4438 vit.

190 4480 288 4560 init„
305 4479 385 4569 Ἀροί
398 4508 452 4568 γε,
467 4485 560 4573 ὥσπερ
579 4492 594 4552 ό
613 4487 772 4570 Σιμωνίδης
798 4490 888 4572 φησίν,
909 4482 932 4551 ὦ
952 4485 1054 4550 Σόσσιε
1082 4484 1224 4548 Σενεκίων
1246 4486 1313 4547 κτλ.
1338 4498 1346 4544 t
1367 4479 1420 4544 De

185 4587 342 4672 profect.
362 4591 409 4656 οἰι
432 4593 572 4674 virtut„
593 4595 691 4675 init„
715 4595 768 4673 Τίς
785 4603 839 4660 τῶν
859 4598 968 4679 λόγων,
990 4589 1013 4658 ὦ
1032 4593 1136 4658 Σόσσιε
1155 4590 1295 4654 Σενεκίων
1316 4592 1383 4653 κτλ.
1409 4604 1417 4649 2

193 4694 340 4767 Quaesl.
359 4702 500 4767 convz'v.
520 4699 577 4768 lib.
594 4701 653 4783 IX,
665 4703 769 4779 sinit„
786 4703 829 4770 Τό
845 4707 956 4768 ἔννατον
971 4709 1025 4767 τῶν
1041 4700 1259 4782 Συμποσιακῶν,
1275 4689 1298 4761 ὦ
1317 4693 1422 4760 Σόσσιε
