3568 5472
295 393 341 460 40
822 408 851 457 c.
879 407 1008 457 emur.

295 555 477 603 concursus
492 535 659 624 (Καλαιρίᾳ
679 536 735 618 ὲν),
757 534 814 618 qui
834 532 898 599 nisi
919 532 1031 600 ordine
1043 532 1219 600 verborum
1233 535 1359 602 mutato
1372 555 1437 602 non
1451 537 1527 604 tolli

294 643 415 729 potest.
445 643 528 709 Cum
561 661 639 710 vero
673 642 845 708 Calauriae
870 640 1000 727 asylum
1028 662 1123 708 nemo
1151 643 1185 706 in
1214 643 1351 709 Graecia
1384 647 1528 712 nesciret

295 750 545 816 celeberrimum
570 770 641 815 esse
665 749 813 835 Neptuni
836 748 1006 834 templum,
1035 748 1136 816 verba
1160 753 1187 816 ἐν
1207 759 1245 836 τῷ
1267 757 1331 837 ἱερῷ
1352 765 1398 818 τοῦ
1420 751 1527 819 Ποσει-

295 865 384 938 δῶνος
397 879 473 925 cum
492 857 532 924 G.
551 856 706 922 Eduardo
718 855 869 922 Benseler
885 857 947 943 (De
960 856 1073 938 Ιιιάιιι,
1091 877 1121 941 p.
1137 856 1216 939 380)
1232 854 1372 923 libenter
1386 858 1522 924 deleam.

339 1002 396 1069 90.
422 1001 515 1066 Ibc'd.
540 1019 548 1066 :
570 999 653 1084 Ἤδη
673 1003 704 1067 δὲ
724 1007 957 1089 σονησθημόνοςό
980 1000 1163 1082 Δημοσθένης
1182 1003 1368 1084 ἐμπεφυκότος
1387 1003 1459 1088 αότῷ
1477 1016 1524 1068 τοῦ

295 1112 442 1196 φαρμάκου
463 1113 512 1176 καὶ
534 1113 701 1195 κρατοῦντος
722 1110 915 1194 ἐξεκαλύψατο
944 1135 951 1148 ·
977 1113 1026 1174 καί
1044 1112 1195 1192 διαόλέψας
1215 1109 1284 1194 πρός
1302 1112 1348 1174 τόν
1374 1107 1492 1196 Ἀρχίαν
1514 1136 1521 1149 ·

298 1239 316 1280 ιι
337 1217 401 1282 Οθκ
419 1219 452 1281 ἂν
472 1219 594 1303 φθάνοις,
617 1215 704 1299 εἶπεν,
727 1222 780 1300 ἤδη
803 1219 849 1283 τόν
869 1219 902 1282 ἐκ
922 1228 972 1299 τῆς
989 1220 1146 1302 τραγῳδίας
1163 1222 1234 1281 θποκ
1254 1221 1377 1298 ινόμενος
1395 1216 1527 1300 Κρέοντα

295 1328 343 1390 καί
360 1327 392 1389 τδ
412 1332 493 1406 σῶμα
506 1336 586 1390 τοῦτο
602 1329 703 1409 ῥίπτων
718 1329 842 1409 ἄταφον·
861 1320 941 1408 Ἐγὼ
960 1322 998 1404 δ’,
1016 1319 1038 1388 ὦ
1057 1327 1121 1407 φιλε
1139 1320 1287 1404 Πόσειδον,
1311 1327 1349 1388 ἔτι
1366 1329 1419 1400 ζῶν
1438 1323 1527 1400 ἐξανί-

297 1457 398 1514 σταμαι
414 1444 461 1497 τοῦ
482 1438 554 1518 ἱεροῦ
579 1457 586 1472 ·
608 1440 647 1517 τῷ
668 1433 698 1497 δὲ
724 1429 898 1518 Ἀντιπάτρῳ
911 1435 959 1498 καὶ
973 1431 1134 1496 Μακεδόσιν
1149 1428 1205 1496 οὐδ’
1227 1436 1241 1495 δ
1262 1433 1309 1508 σός
1322 1433 1388 1508 ναός
1403 1433 1527 1518 καθαρός

297 1536 512 1605 ἀπολέλειπται.
536 1558 554 1600 ν
570 1536 658 1603 Ταῦτ’
676 1537 758 1606 εἰπών
772 1541 839 1603 κτλ.
961 1533 964 1541 ¹

341 1645 539 1712 Variantem
555 1643 675 1710 codicis
688 1643 719 1709 N
734 1644 906 1709 lectionem
921 1657 1083 1730 νεκροῦντος
1099 1645 1173 1728 (pro
1186 1643 1369 1729 κρατοῦντος),
1384 1641 1525 1728 amplec-

295 1749 430 1818 tendam
454 1752 534 1838 puto
562 1771 568 1817 :
597 1751 701 1816 multo
726 1750 880 1816 subtilius
907 1751 994 1815 enim
1020 1769 1182 1815 venenum
1203 1748 1322 1814 dicitur
1345 1755 1526 1834 torporem

296 1861 439 1944 offerre
459 1859 559 1924 alicui
579 1878 677 1942 quam
697 1857 753 1922 illo
770 1860 896 1941 poliri.
917 1856 1084 1923 Vocabulo
1098 1868 1182 1921 ‘usus
1202 1858 1253 1922 est
1268 1854 1471 1922 Dioscorides
1490 1857 1525 1922 in

296 1965 442 2030 tractatu
458 1967 510 2030 De
525 1965 637 2049 facile
650 1964 884 2050 parabitibus
899 1964 1182 2045 medicamentis,
1205 1962 1261 2029 lib.
1288 1963 1334 2042 II,
1351 1983 1379 2028 c.
1402 1981 1525 2028 cxxxn

298 2074 337 2155 (t.
355 2073 398 2153 II,
416 2094 448 2158 p.
467 2073 544 2153 324,
567 2072 646 2138 edit.
669 2071 840 2159 Sprengel)
859 2091 866 2136 :
885 2072 996 2159 Νεκροῖ
1009 2073 1039 2138 δὲ
1054 2075 1182 2158 σκορπίον
1197 2068 1320 2136 ἀκόνιτον
1339 2077 1494 2158 προσαχθέν
1514 2089 1521 2102 ·

297 2183 397 2266 ἐγείρει
420 2182 450 2245 δὲ
470 2185 624 2266 ἑλλέόορος
642 2186 756 2258 λευκός.
783 2178 942 2244 Similiter
965 2177 1133 2263 Epictetus
1153 2177 1345 2243 Dissertat.
1367 2178 1395 2258 I,
1416 2195 1451 2258 V,
1472 2179 1522 2242 7:

297 2285 388 2352 Ποῖον
412 2289 486 2373 αὐτῷ
511 2292 620 2373 σίδηρον
644 2290 790 2374 προσάγω,
811 2287 854 2352 ίνδ
867 2294 991 2368 αἴσθηται
1010 2288 1050 2352 ’ότι
1073 2291 1251 2371 νενέκρωται;
1277 2287 1472 2368 αἰσθανόμενος
1492 2288 1523 2352 od

296 2406 493 2480 προσποιεῖται.
514 2392 715 2459 Plutarchus
736 2393 803 2477 ipse
829 2391 911 2457 alias
938 2391 1024 2458 idem
1048 2390 1241 2458 vocabulum
1260 2392 1434 2477 usurpavit
1457 2393 1524 2475 (Dc

290 2500 414 2588 primo
427 2497 583 2584 frigido,
605 2519 633 2564 c.
651 2499 742 2579 XXI,
759 2521 792 2586 p.
813 2499 880 2564 954
898 2500 935 2582 o)
958 2519 964 2564 :
988 2495 1043 2564 Ἂν
1062 2497 1087 2564 δ’
1107 2501 1276 2586 ἐπικρατήσῃ
1292 2500 1324 2581 (ἡ
1338 2513 1388 2583 γη,
1406 2500 1428 2563 i.
1445 2520 1475 2564 e.
1491 2504 1523 2566 τό

296 2618 430 2692 στοιχεῖον
443 2620 494 2688 τῆς
512 2606 592 2690 γῆς),
615 2610 771 2673 παντάπασι
789 2619 836 2673 τοῦ
856 2615 958 2694 θερμοῦ
976 2611 1106 2692 φυγόντος
1124 2634 1142 2690 η
1162 2611 1332 2685 σόεφθέντος,
1358 2610 1456 2688 ἔστησε
1474 2609 1523 2690 τὴν

295 2715 351 2793 ἕξιν
366 2715 536 2797 ἐκπαγεῖσαν
549 2718 597 2779 καὶ
610 2721 805 2800 νεκρωθεῖσαν.

341 2818 413 2884 Etsi
431 2839 496 2883 non
517 2839 618 2905 prave
636 2826 789 2905 διαολέφας
808 2820 943 2900 dicitur,
964 2820 1075 2884 tamen
1094 2837 1169 2884 cum
1188 2838 1229 2883 ex
1253 2819 1316 2883 isto
1337 2819 1413 2884 ante
1441 2817 1523 2884 duos

295 2945 411 2993 versus
430 2927 493 2992 sito
517 2931 677 3012 διαλλαγάς
699 2927 816 2993 ducere
831 2929 993 3014 originem
1009 2925 1173 3006 videatur,
1191 2925 1428 3012 discrepantem
1443 2926 1523 2992 scri-

294 3032 428 3118 pturam
462 3031 638 3119 ἀποθλίψας,
667 3054 767 3118 quam
788 3035 818 3103 N
844 3035 946 3102 codex
971 3032 1079 3114 offert,
1103 3054 1162 3119 pro
1181 3034 1323 3120 genuina
1343 3032 1457 3098 habeo.
1478 3069 1524 3081 -

295 3139 452 3226 Ejusdem
466 3139 545 3205 libri
564 3142 765 3208 auctoritate
781 3140 860 3207 freti
875 3142 1058 3208 scribemus
1073 3141 1172 3206 etiam
1187 3147 1260 3207 παντί
1274 3160 1332 3226 pro
1346 3154 1436 3220 τοῦτο,
1453 3141 1523 3218 νεώς

295 3244 395 3329 (quod
409 3246 509 3312 attice
524 3246 654 3330 quidem
668 3248 790 3313 dixerit
805 3248 1054 3330 Demosthenes)
1069 3268 1128 3333 pro
1143 3248 1223 3325 ναός,
1238 3249 1272 3312 et
1287 3249 1384 3314 Ταῦτα
1398 3247 1423 3314 δ’
1439 3247 1522 3314 εἰπών

294 3372 355 3437 pro
368 3353 455 3418 Ταῦτ’
475 3353 570 3418 εἰπών.
591 3354 746 3437 -Item,
764 3375 824 3441 pro
843 3357 1032 3437 ἑξανίσταμαι,
1055 3354 1240 3440 recipienda
1259 3354 1401 3436 ἐξίσταμαι
1420 3354 1523 3440 scrip·

293 3458 384 3539 tura,
405 3460 521 3542 inqua
539 3458 569 3525 N
587 3459 620 3524 et
639 3463 725 3525 unus
746 3461 914 3548 evulgari
934 3460 1057 3527 familia
1076 3460 1160 3526 liber
1175 3461 1199 3528 O
1214 3461 1436 3528 consentiunt.
1459 3462 1523 3527 De·

294 3564 403 3648 nique,
420 3564 526 3630 multo
542 3565 659 3630 melius
679 3587 778 3650 quam
797 3569 898 3654 vulgo
917 3569 1052 3654 legitur,
1071 3589 1159 3658 nunc
1171 3589 1243 3634 cum
1257 3568 1365 3635 codice
1379 3568 1409 3636 N
1424 3588 1522 3635 excu-

294 3670 418 3736 datur:
440 3675 475 3738 τδ
499 3671 528 3739 δ’
547 3672 600 3738 ἐπ’
627 3672 801 3762 Ἀντιπάτρῳ
819 3682 866 3743 καὶ
879 3678 1058 3743 Μακεδόσιν.
1078 3671 1129 3743 Cf.
1148 3675 1298 3762 Xenoph.
1324 3677 1518 3761 Cyropaed.

294 3778 338 3858 V,
359 3796 407 3858 lv,
427 3779 465 3845 ll
486 3798 493 3843 τ
513 3779 597 3846 Οόπω
616 3807 663 3862 μοι
682 3789 830 3878 προθύμως
849 3787 1054 3868 ἑόοήθησαςώς
1072 3788 1163 3851 νῦντὸ
1182 3786 1232 3867 μὲν
1253 3785 1296 3851 ἐπ’
1316 3789 1378 3867 ἐμοὶ
1394 3791 1518 3870 οἴχομαι,

293 3888 325 3952 τό
345 3885 369 3952 δ’
391 3888 436 3954 ἐπὶ
455 3890 497 3954 σοὶ
516 3892 667 3970 σέσωσμαι.

337 4027 394 4095 91.
420 4029 603 4095 Damoeta.
622 4030 684 4098 vit.
706 4051 733 4096 c.
756 4031 852 4097 XXX
874 4053 882 4098 ἰ
905 4031 1108 4121 Ἐρατοσθένης
1122 4040 1152 4101 δέ
1172 4061 1232 4121 φησι
1252 4035 1313 4118 (sic
1331 4034 1522 4121 transponi·
1584 4001 1589 4009 -

293 4134 351 4199 tur
376 4134 437 4200 hoc
461 4135 601 4203 verbum
625 4137 660 4202 in
683 4137 790 4205 codice
809 4138 856 4222 N)
879 4144 927 4206 καί
948 4143 1029 4218 αότδς
1053 4144 1082 4206 ἐν
1100 4148 1187 4228 κρίκῳ
1212 4148 1301 4228 κοιλῳ
1326 4145 1357 4208 τό
1376 4146 1521 4230 φάρμακον

293 4245 440 4328 φυλάσσειν
465 4271 472 4284 ·
496 4247 542 4310 τόν
563 4248 593 4312 δὲ
616 4251 711 4333 κρίκον
736 4247 804 4314 εἶναι
831 4261 926 4314 τοῦτον
950 4251 1024 4336 αὐτῷ
1048 4255 1157 4336 φόρημα
1183 4255 1412 4337 περιόραχιόνιον.
1438 4251 1521 4318 Cum

292 4354 509 4436 περιόραχιίνιαν
528 4370 691 4435 nusquam
716 4353 799 4419 alias
822 4353 985 4442 adJective
1010 4357 1165 4442 usurpari
1193 4356 1433 4424 observandum
1454 4359 1517 4441 est,

292 4455 365 4520 tum
391 4460 452 4542 περὶ
478 4461 525 4524 τον
552 4462 685 4545 βραχίονα
714 4462 749 4524 in
776 4460 884 4528 codice
903 4463 946 4542 N,
967 4463 1064 4547 plane
1090 4485 1168 4530 vero
1193 4465 1293 4530 simili
1316 4467 1349 4530 in
1368 4465 1439 4532 loco
1457 4466 1521 4552 legi

299 4561 415 4628 Vitae.
432 4553 848 4633 Pseudo-Plutarchearum
864 4569 985 4635 decem
999 4575 1135 4637 orator.
1146 4575 1189 4656 (c.
1202 4571 1354 4652 XLVIII,
1367 4593 1399 4658 p.
1413 4573 1494 4656 847)
1509 4594 1517 4639 :

298 4665 501 4756 Ἐρατοσθένης
527 4673 574 4756 δὲ,
605 4675 638 4740 ἐκ
665 4680 777 4742 πολλοῦ
805 4680 948 4743 δεδοικότα
977 4676 1162 4762 Μακεδόνας,
1197 4684 1273 4766 περὶ
1295 4687 1339 4766 τῷ
1363 4683 1520 4767 βραχίονι
