3568 5472
365 447 387 512 4
878 467 908 514 o.
936 464 1065 512 ennox.
1134 454 1136 460 '

364 591 506 655 Σενεκίων
526 594 611 670 κτλ,
632 609 736 675 neque
755 590 852 656 aliter
867 587 991 655 affatur
1005 585 1206 654 Plutarchus
1226 585 1367 653 amicum
1383 587 1589 668 Senecionem

365 696 399 761 in
425 695 585 782 principio
604 697 810 782 singulorum
837 695 909 762 octo
937 695 1143 781 superiorum
1160 694 1321 760 librorum
1342 679 1591 760 Convivaliunc

364 805 623 886 quaestionum.
641 803 726 880 Quin
746 803 845 869 etiam
860 822 1021 888 nusquam
1041 802 1075 866 in
1094 800 1266 867 Plutarchi
1284 800 1438 885 operibus
1457 800 1590 866 memini

363 928 416 974 me
428 909 537 995 legere
555 911 659 977 Σόσσιε
672 911 792 976 omissa
807 931 885 977 voce
905 907 974 976 aet
993 910 1196 996 cognomine,
1218 907 1282 973 nisi
1301 909 1335 972 in
1350 908 1500 973 extrema
1519 907 1591 993 qui·

363 1015 436 1082 dem
452 1017 522 1102 ipsa
531 1017 784 1084 Demosthenis
800 1019 871 1084 vita
886 1038 903 1083 e
918 1017 1119 1084 deteriorum
1134 1015 1281 1083 codicum
1297 1015 1456 1081 lectione:
1470 1017 1589 1099 Τὲνμὲν

363 1121 409 1190 οὖν
425 1123 621 1207 Δημοσθένους
639 1123 765 1212 ἀπέχεις,
788 1128 890 1194 Σόσσιε
910 1123 943 1213 (ὦ
965 1127 1068 1193 Σόσσιε
1085 1124 1142 1212 th
1158 1129 1216 1205 βίον
1232 1125 1263 1203 ἐξ
1277 1115 1315 1189 ὦν
1333 1131 1416 1207 ἡμεῖς
1430 1121 1589 1208 ἀνέγνωμεν
1604 1187 1607 1194 .

362 1235 381 1314 ἢ
396 1237 591 1314 διηκούσαμεν.

406 1375 439 1440 3.
466 1373 529 1460 Τῶ]
555 1373 724 1440 Lectorem
751 1375 913 1440 monitum
938 1374 1038 1442 velim
1062 1373 1205 1442 codicem
1232 1373 1262 1440 N
1289 1372 1357 1440 lere
1385 1393 1497 1439 carere
1526 1372 1588 1441 hoc

363 1481 431 1548 ἰῶτα
449 1481 553 1561 muto,
573 1481 659 1565 quod
682 1482 922 1568 subscriptum
944 1503 1001 1548 seu
1022 1483 1247 1566 adscriptum
1266 1480 1398 1547 vocant.
1414 1517 1459 1529 -
1476 1479 1589 1564 Neque

362 1587 468 1674 magis
483 1587 564 1653 mihi
579 1589 629 1654 est
644 1591 677 1654 in
693 1591 803 1656 animo
817 1590 972 1656 sexcenta
987 1593 1136 1677 σφάλματα
1149 1593 1270 1676 γροιρικά
1287 1588 1411 1654 nullius
1426 1607 1505 1654 sane
1520 1607 1588 1652 mo-

361 1695 465 1761 menti
482 1698 681 1778 examinare,
703 1699 752 1778 ut,
774 1718 871 1763 versu
890 1699 1055 1782 sequenti,
1078 1701 1230 1780 εὖδόκημσν
1250 1717 1310 1782 pro
1329 1690 1484 1779 εὖδόκιμον,
1507 1714 1588 1781 quae

361 1802 444 1870 uitia
462 1802 543 1869 satis
562 1804 627 1870 erit
645 1825 705 1870 suo
723 1804 794 1870 loco
813 1802 954 1870 fideliter
973 1805 1183 1890 expressisse.

405 1947 438 2011 4.
460 1948 511 2013 Τῶ
528 1947 603 2034 post
616 1950 666 2030 μὲν
681 1950 715 2014 in
729 1947 838 2013 codice
852 1947 882 2015 N
898 1968 1022 2014 meram
1037 1946 1294 2034 dittographiam
1309 1965 1377 2012 esse
1393 1946 1530 2032 apparet
1545 1965 1586 2010 ex

361 2071 400 2118 eo
422 2053 508 2139 quod
528 2054 588 2120 sub
608 2051 729 2121 litteris
748 2058 776 2122 ei
796 2075 879 2141 quae
897 2056 976 2121 sunt
993 2055 1082 2132 vocis
1101 2057 1305 2138 εὐδαιμονήσειν
1324 2053 1407 2119 latet
1427 2081 1459 2135 μ,
1486 2051 1519 2117 id
1538 2051 1588 2118 est

360 2161 468 2246 prima
485 2155 598 2226 littera
625 2163 715 2227 uocis
735 2164 785 2245 μὲν
804 2183 811 2227 :
832 2161 939 2228 scriba
962 2160 1052 2228 aliud
1075 2181 1174 2247 agens
1196 2149 1250 2227 'bis
1268 2159 1426 2224 exarabat
1444 2167 1484 2225 τῶ
1504 2161 1554 2240 μὲν
1577 2176 1584 2221 :

360 2267 394 2332 ot
414 2267 558 2332 alterum
578 2277 628 2348 τῶ,
648 2269 733 2352 quod
752 2270 825 2335 erat
839 2268 1021 2335 radendum
1036 2266 1134 2334 simul
1150 2287 1189 2333 ac
1203 2267 1314 2333 littera
1329 2295 1349 2350 μ
1363 2268 1452 2339 uocis
1472 2265 1522 2348 μὲν
1537 2265 1588 2329 in-

359 2375 482 2460 ceptae,
500 2375 618 2440 merua
631 2376 794 2442 intactum
812 2376 957 2462 reliquit.
1078 2355 1084 2368 ’

404 2516 436 2582 5.
463 2514 601 2583 Carolus
627 2515 771 2583 Sintenis
802 2538 899 2602 quem
927 2536 993 2591 non
1020 2514 1191 2582 ferendum
1217 2515 1370 2582 censebat
1397 2515 1525 2581 hiatum
1552 2515 1586 2579 in

359 2633 480 2709 ἡγεῦμαι
498 2622 609 2708 ἀδόξου,
630 2624 810 2692 tollendum
831 2625 969 2712 putabat
986 2623 1191 2711 corrigendo,
1216 2624 1256 2688 ut
1273 2624 1303 2689 ei
1324 2622 1512 2706 videbatur,
1529 2650 1585 2690 πτι-

358 2737 449 2818 τρίδος
472 2729 572 2810 ἀδόξου
591 2737 638 2798 καὶ
656 2747 796 2817 ταπεινῆς.
815 2731 875 2799 Sed
891 2732 961 2819 jam
980 2731 1093 2797 nullus
1112 2731 1217 2796 aderit
1231 2730 1353 2809 hieme,
1371 2729 1400 2794 si
1413 2728 1586 2795 lectionem

358 2838 521 2906 codicisN
542 2838 713 2905 admiseris
736 2861 743 2906 :
766 2843 843 2907 οὐδὲν
862 2849 983 2926 ἡγοῦμαι
1003 2847 1136 2927 διαφέρειν
1161 2837 1259 2918 ἀδόξου
1278 2843 1344 2904 κτλ.
1366 2868 1409 2886 -
1424 2836 1474 2927 Gi.
1493 2838 1586 2903 Alci-

358 2945 452 3012 bc'ad.
476 2946 536 3012 vit.
558 2966 587 3012 ο.
606 2948 650 3028 V,
667 2947 691 3012 l.
711 2940 765 3030 ll,
781 2947 838 3013 ubi
854 2949 955 3034 vulgo
969 2948 1093 3034 legitur
1108 2969 1115 3014 τ
1133 2946 1220 3014 Ταῦτ’
1242 2945 1410 3023 οἰκούσαντες
1424 2952 1448 3011 οἱ
1467 2951 1585 3011 τελῶναι

358 3055 579 3142 ἐξηπορήθησαν.
617 3054 722 3128 Quem
747 3055 878 3138 quidem
907 3054 1015 3121 locum
1043 3075 1148 3142 nuper
1175 3075 1248 3120 cum
1268 3052 1401 3119 Gabriel
1430 3051 1532 3118 Cobet
1551 3052 1584 3116 in

357 3163 536 3228 Mnemon.
558 3182 591 3226 n.
610 3182 636 3227 s.
659 3162 684 3227 t.
707 3163 766 3243 Vl,
784 3183 816 3247 p.
842 3163 906 3230 164
920 3163 1104 3228 tractaret:
1128 3161 1377 3240 «Plutarchus,
1394 3159 1512 3243 inquit,
1534 3178 1585 3224 se·

265 3282 268 3287 ·
356 3267 433 3334 dulo
447 3270 557 3335 vitans
576 3270 739 3335 vocalium
758 3288 954 3342 concursum
973 3291 1053 3335 usus
1074 3269 1126 3336 est
1144 3269 1244 3336 verbo
1264 3288 1327 3353 quo
1349 3267 1430 3332 solet
1450 3273 1582 3352 διηπορή-

356 3382 453 3458 θησαν,
472 3375 510 3440 ut
529 3375 563 3439 in
582 3374 719 3447 Coriol.
736 3376 830 3454 Xlll,
849 3377 890 3440 12
905 3377 938 3441 et
957 3376 990 3439 in
1011 3375 1144 3442 Colone
1160 3379 1248 3441 mine
1265 3375 1356 3453 XVI,
1375 3374 1430 3438 32.
1445 3396 1462 3436 ν
1480 3374 1583 3438 Immo

355 3501 423 3546 una
441 3480 557 3547 vocula
576 3481 706 3548 reddita
724 3481 824 3548 codex
843 3482 872 3549 N
891 3482 1020 3548 hiatum
1038 3483 1198 3563 removet,
1216 3484 1334 3569 quippe
1353 3481 1408 3566 qui
1434 3479 1551 3545 offerat
1572 3500 1581 3548 :

317 3602 319 3606 ’
355 3587 442 3655 Ταῦτ’
459 3586 626 3667 οἰκοόσαντες
647 3595 670 3655 οἱ
689 3595 808 3656 τελῶναι
827 3593 950 3668 πάντες
971 3593 1191 3679 ἐξηπορήθησαν.
1209 3625 1254 3638 -
1272 3588 1321 3656 Cf.
1345 3587 1432 3654 infra
1446 3607 1521 3673 pag.
1539 3587 1581 3652 34

354 3716 382 3760 e.
399 3694 458 3762 fin.
476 3696 626 3761 —Alias
642 3717 735 3778 uero,
752 3697 829 3762 dum
840 3696 998 3763 hiatuma
1012 3697 1150 3784 vulgata
1163 3698 1306 3763 alienum
1321 3694 1468 3762 admittit
1480 3695 1580 3761 codex

353 3803 570 3884 Matritensis,
597 3805 632 3869 in
657 3804 753 3891 culpa
771 3805 840 3890 ipse
861 3803 1119 3891 deprehenditur
1133 3805 1257 3870 ordinis
1272 3804 1450 3870 verborum
1464 3804 1582 3869 mutati

353 3909 559 3991 manifestus,
581 3911 662 4006 ute.
681 3932 713 3997 g.
732 3932 760 3977 c.
783 3913 804 3978 6
822 3912 883 3979 vit.
906 3913 1169 3993 Demosthenen,
1189 3917 1286 3995 συνέόη
1313 3916 1345 3978 τό
1367 3921 1475 3999 πρῶτον
1499 3915 1583 3978 ἐται-

353 4018 499 4106 ορθώσεως
516 4022 599 4085 ἕνεκα
619 4019 653 4083 iil
671 4022 702 4084 τό
725 4028 833 4106 πρῶτον
849 4026 945 4103 συνέόη
964 4023 1046 4087 ἑπαν.
1063 4024 1089 4086 ἕ.
1107 4019 1332 4106 imprudenter
1346 4018 1578 4105 depravatum:

352 4125 439 4210 quod
460 4146 525 4192 non
549 4125 650 4192 semel
669 4126 801 4192 tantum
815 4127 972 4194 accidisse
991 4125 1160 4192 fatendum
1173 4115 1196 4196 ¹.

396 4270 429 4336 6.
462 4269 581 4347 Ἀδόξοο
605 4268 656 4335 est
681 4270 800 4336 vitium
830 4271 998 4363 proprium
1022 4270 1142 4336 codicis
1165 4270 1207 4350 N,
1231 4290 1249 4335 e
1270 4270 1380 4338 vicino
1406 4270 1462 4336 illo
1481 4267 1579 4350 ἀδόξου

352 4374 429 4442 ante
443 4375 584 4461 paucula
598 4376 701 4442 verba
714 4377 777 4442 sito
792 4377 920 4443 natum.

276 4635 278 4640 ·
368 4611 404 4660 ἓ1.
421 4610 468 4662 Ex.
487 4626 528 4676 gr.
541 4615 648 4674 Apesil.
666 4611 713 4662 vit.
732 4627 755 4662 c.
774 4613 821 4662 Vll
840 4629 846 4664 ε
866 4612 999 4678 Ὗπηρὲταν
1019 4616 1111 4676 μᾶλλον
1126 4610 1272 4677 Λυσάνδρου
1286 4617 1301 4674 ἢ
1315 4613 1449 4677 ου’μὸονλοι
1462 4589 1580 4679 βασιλέως

349 4681 425 4741 ὄντες.
443 4683 528 4733 Paulo
548 4689 608 4748 poet
625 4700 647 4735 o.
658 4684 708 4733 XV
726 4701 732 4734 ε
750 4686 797 4738 Τὸν
814 4685 920 4750 πόλεμον
939 4689 981 4748 τῆς
999 4681 1119 4744 Ἑλλάδος
1140 4681 1187 4749 ἥδη
1211 4679 1381 4752 ἐξῳκισμένον.
1404 4685 1468 4750 Cap.
1492 4683 1553 4733 XXI
1571 4699 1577 4733 ι

347 4749 465 4821 Ὕστερον
477 4749 629 4822 δ’ἡττημίνοι
641 4751 824 4822 ἀνεγράφησαν,
837 4760 888 4805 etc.
