3568 5472
340 448 383 512 38
863 465 893 512 c.
920 463 1047 512 onnux.

384 588 441 654 83.
467 587 648 652 Demosth.
667 588 726 654 vit.
748 606 777 652 c.
799 586 894 652 XXV
917 586 1004 652 t'Hv
1023 587 1047 654 δ’
1064 591 1118 675 ἄρα
1138 590 1226 664 δεινδς
1240 583 1421 674 δἈρπαλος
1436 587 1568 673 ἐρωτικοῦ

339 699 410 783 πρδς
431 700 544 782 χρυσίον
568 693 667 782 ἀνδρὸς
693 700 754 780 ὄψει
775 699 823 761 καὶ
849 701 972 780 διαχύσει
995 700 1043 762 καὶ
1062 699 1162 776 βολαῖς
1186 697 1318 776 ὀμμάτων
1342 692 1463 780 ἀνευρεῖν
1486 695 1565 775 ἦδος.

340 803 412 870 Etsi
431 801 514 866 nihil
539 801 638 868 babet
660 800 848 868 offensionis
870 802 961 866 istud
981 801 1115 888 ἀνευρεῖν,
1138 801 1356 867 Plutarchum
1374 821 1568 886 persuasum

339 909 445 975 habeo
463 910 629 994 scripsisse
649 913 766 996 ἐνευρεῖν
784 908 871 992 quod
888 909 921 972 in
936 909 966 976 N
982 908 1115 993 legitur.
1140 908 1309 994 Ἐνενρῖοκω
1325 908 1413 972 enim
1428 907 1568 974 verbum

340 1017 392 1082 cst
413 1019 447 1082 et
466 1036 620 1103 graecum
639 1015 673 1081 et
691 1034 864 1101 perrarum
884 1014 951 1097 (adi
971 1014 1184 1100 Stephaniani
1207 1014 1391 1080 Thesauri
1412 1015 1569 1100 linquae

339 1145 500 1210 graecae
525 1125 736 1189 novissimam
760 1122 937 1188 editionem
963 1122 1024 1188 sub
1049 1123 1110 1188 boc
1132 1121 1248 1205 verbo)
1277 1143 1284 1187 :
1313 1142 1377 1206 quo
1395 1120 1434 1186 ut
1453 1140 1571 1206 graeco

339 1232 448 1317 potuit
465 1231 596 1317 quidem
614 1229 815 1297 Plutarchus
838 1231 904 1313 uti3
927 1250 1040 1296 vocem
1058 1230 1170 1294 autem
1189 1230 1257 1294 tam
1277 1248 1387 1295 raram
1408 1227 1570 1294 calamum

340 1339 467 1404 scribac
485 1341 580 1424 quasi
601 1342 764 1424 αὒτομάτως
782 1337 996 1404 delineavissc
1010 1340 1101 1403 omni
1120 1335 1183 1402 fide
1197 1336 1301 1403 caret.

384 1483 439 1548 84.
465 1481 557 1547 Ibt'd.
576 1502 584 1547 ε
603 1482 642 1548 Oi
662 1481 686 1548 δ’
708 1484 813 1567 εὒρυεῖς
831 1484 1018 1568 χλευάζοντες
1040 1483 1092 1566 οὐχ
1111 1483 1163 1546 ὑπδ
1188 1483 1330 1565 συνάγχης
1348 1484 1475 1565 ἔφραζον,
1498 1474 1568 1542 ἀλλ’

340 1587 522 1677 ἀργυράγχης
540 1589 667 1674 είλῆρθαι
681 1595 788 1674 νύκτωρ
806 1591 852 1654 τδν
868 1594 1049 1673 δημαγωγόν.
1072 1585 1124 1652 Sic
1140 1587 1248 1653 locum
1268 1587 1302 1650 in
1318 1585 1348 1650 N
1368 1583 1570 1668 descriptum

341 1697 540 1778 invenimus,
556 1716 629 1762 cum
644 1695 759 1780 vulgo,
776 1696 914 1780 repetita
929 1697 1037 1760 minus
1052 1693 1218 1779 eleganter
1238 1679 1487 1779 praepositione,
1500 1687 1569 1756 ἀλλ’

341 1805 386 1871 ὑπ’
412 1802 592 1892 ἀργυράγχης
615 1802 767 1868 coeteris
787 1802 951 1868 codicibus
971 1801 1166 1867 excudatur.
1189 1799 1240 1868 df.
1260 1803 1392 1885 Lyciae
1415 1798 1499 1864 orat.
1522 1798 1569 1876 X,

341 1913 424 1996 §72
448 1908 527 1996 Ἐγὼ
547 1911 571 1978 δ’
598 1909 671 1993 οίμαι
691 1918 774 1994 ὑμᾶς,
797 1907 819 1977 ὦ
839 1915 936 1998 ἀνδρες
955 1915 1091 1993 δικασταί,
1114 1913 1143 1976 οὗ
1162 1915 1295 1997 περὶτῶν
1316 1911 1456 1990 ἀνομάτων
1476 1911 1571 1998 διαρέ-

342 2024 446 2105 ρεοθαι,
466 2015 545 2082 ἀλλά
558 2029 609 2100 τῆς
625 2021 728 2082 τούτων
744 2022 875 2095 διανοίας.

386 2151 441 2218 85.
467 2149 671 2216 Sententiam
689 2152 814 2236 Λέγεται
828 2152 883 2239 γάρ
896 2154 926 2235 (δ
947 2151 1290 2234 Δημοσθένης)....είπεῖν
1312 2169 1319 2182 ·
1344 2171 1362 2212 τι
1381 2147 1425 2236 Ὦ
1443 2153 1573 2214 δέσποινα

343 2259 457 2336 Πολιάς
483 2265 564 2340 κτλ,
605 2279 623 2322 ν
659 2259 829 2343 excipiunt
859 2260 894 2323 in
923 2257 1089 2324 codicibus
1124 2255 1319 2341 vulgaribus
1355 2254 1433 2320 haec
1471 2255 1573 2332 verba

342 2367 536 2452 (Demosth.
555 2365 615 2429 vit.
633 2384 661 2429 c.
678 2365 789 2430 XXVI
804 2386 830 2430 s.
849 2364 923 2447 fin.)
942 2385 948 2428 :
967 2366 1042 2443 Τοὺς
1057 2367 1087 2430 δέ
1103 2371 1265 2451 προσιόντας
1281 2365 1412 2449 αὐτῷκαὶ
1427 2368 1573 2449 συνδιατρί-

342 2480 440 2550 6οντας
463 2476 621 2548 νεανίσκους
649 2468 787 2558 ἀπέτρεπε
811 2486 861 2555 τῆς
884 2477 1026 2549 πολιτείας
1048 2478 1143 2556 λέγων
1163 2476 1202 2548 ὡς
1225 2471 1261 2548 εἷ,
1286 2476 1357 2536 δυεῖν
1383 2476 1572 2556 προκειμένων

343 2586 413 2647 δδῶν
433 2577 480 2644 ἀπ’
503 2575 604 2664 ἀρχῆς,
626 2590 676 2661 τῆς
695 2579 745 2660 μέν
766 2581 810 2644 ἐπί
828 2581 858 2644 τδ
878 2583 955 2660 βῆμα
968 2583 1015 2644 καί
1029 2580 1077 2662 τὴν
1098 2581 1262 2659 ἐκκλησίαι,
1278 2591 1328 2659 τῆς
1343 2576 1367 2643 δ’
1388 2582 1515 2663 ἀντικρυς
1534 2577 1573 2654 είς

341 2691 387 2753 τδν
413 2690 541 2771 ὄλεθρον,
570 2687 705 2769 ἐτύγχανε
730 2681 864 2771 προειδὼς
888 2684 923 2750 τά
946 2685 1018 2750 κατά
1044 2687 1093 2768 τὴν
1118 2689 1258 2751 πολιτείαν
1289 2686 1376 2766 κακά,
1405 2688 1503 2770 paam
1525 2688 1572 2749 καί

342 2800 454 2879 φθόνους
472 2796 520 2857 καί
535 2790 668 2868 διαάολάς
683 2795 730 2857 καί
746 2789 868 2876 ἀγῶνας,
892 2795 936 2857 ἐπί
951 2799 1052 2873 ταύτην
1067 2795 1099 2857 ἀν
1117 2798 1235 2879 ὁρμῆσαι
1248 2794 1297 2875 τὴν
1314 2793 1375 2858 abab
1391 2804 1439 2857 τοῦ
1457 2793 1573 2857 θανάτου

340 2906 490 2966 τείνουσαν.
523 2897 570 2961 At
595 2917 674 2963 vero
692 2897 754 2962 hoc
783 2897 909 2963 dictum
934 2897 1035 2963 codex
1058 2899 1087 2964 N
1107 2899 1154 2963 ita
1177 2898 1348 2986 conjungit
1371 2918 1446 2964 cum
1476 2916 1572 2981 supe-

341 3007 440 3084 riore,
462 3005 500 3069 ut
516 3011 631 3090 λέγεται
651 3003 813 3091 ἀποτρέπειν
834 3005 1070 3091 intellegatur:
1089 3008 1156 3072 Καὶ
1173 3009 1237 3083 τοὺς
1255 3012 1417 3092 προοιέντας
1436 3006 1509 3090 αἰτῷ
1524 3008 1574 3070 καί

342 3117 576 3198 αυνδιατρίάοντας
594 3117 753 3189 νεανίσκους
772 3110 980 3199 ἀποτρέπειν
998 3128 1048 3194 τῆς
1067 3119 1209 3190 πολιτείας
1227 3118 1292 3178 κτλ.
1311 3111 1363 3197 (cf.
1379 3110 1466 3177 inira
1480 3111 1574 3196 plane

343 3219 482 3284 similem
500 3218 648 3284 lectionis
663 3219 918 3305 discrepantiam
932 3241 1024 3285 num.
1045 3220 1140 3304 112);
1157 3222 1256 3303 atque
1276 3219 1350 3284 inde
1366 3239 1440 3284 cum
1455 3219 1574 3283 Photio

342 3346 544 3411 congruens,
581 3326 719 3392 eundem
749 3327 857 3392 locum
885 3327 1048 3392 Biblz‘otb.
1082 3347 1113 3411 p.
1146 3325 1211 3392 394
1235 3325 1377 3410 (Bekk.)
1404 3324 1570 3406 laudante,

342 3433 430 3497 hand
450 3433 535 3498 male
553 3435 661 3520 per-git
679 3454 685 3498 :
707 3440 802 3520 λέγων
817 3439 867 3516 ὡς,
887 3436 909 3500 εί
925 3441 995 3502 δυεῖν
1011 3435 1099 3521 αὐτῷ
1114 3440 1303 3520 προκειμένων
1318 3432 1366 3500 ἀπ’
1384 3431 1474 3520 ἀρχῆς
1488 3439 1570 3514 ὁδῶν,

341 3553 392 3623 τῆς
414 3542 464 3622 μέν
489 3544 533 3606 ἐπὶ
556 3543 586 3605 τδ
609 3545 686 3624 βῆμα
708 3548 774 3608 κτλ.
796 3540 878 3608 Cum
889 3541 959 3628 jam
979 3541 1116 3606 Photius
1131 3539 1232 3626 hujus
1246 3538 1466 3606 Plutarcbeae
1486 3540 1575 3605 vitae

342 3645 523 3732 exemplari
552 3649 661 3713 minus
691 3649 867 3735 depravato
900 3669 999 3734 quam
1028 3649 1130 3716 fuerit
1159 3650 1285 3735 primus
1314 3648 1369 3714 ille
1394 3650 1574 3714 communis

343 3753 534 3838 progenitor
556 3754 676 3821 codicis
702 3756 732 3823 N
758 3755 967 3840 familiaeque
997 3756 1145 3842 vulgaris
1172 3756 1257 3839 (scil.
1287 3755 1390 3821 codex
1416 3755 1448 3821 α’
1469 3756 1575 3821 nostri

344 3860 529 3926 stemmatis
556 3883 563 3928 :
598 3862 640 3928 cf.
668 3882 743 3948 pag.
766 3864 823 3945 30)
848 3884 926 3929 usus
956 3884 1026 3929 esse
1054 3862 1217 3943 videatur,
1250 3863 1413 3948 scriptura
1439 3863 1574 3946 quaevis

343 3967 540 4034 auctoritate
564 3969 673 4034 Photii
699 3969 967 4056 Matritensisque
986 3971 1062 4037 libri
1081 3990 1147 4036 una
1167 3971 1293 4050 innixa,
1315 3968 1516 4045 confidenter
1540 3971 1574 4059 in

343 4077 535 4144 contextum
556 4079 608 4144 est
625 4075 821 4164 recipienda.
848 4080 953 4144 Immo
973 4100 1052 4147 vero
1071 4080 1101 4147 N
1122 4099 1195 4144 cum
1215 4078 1353 4164 vulgata
1374 4077 1575 4166 conjunctim

342 4205 474 4271 peccare
489 4185 550 4251 sub
562 4183 709 4273 ejusdem
724 4185 908 4252 sententiae
922 4185 1018 4251 finem
1028 4187 1191 4266 existimo,
1202 4206 1269 4251 uno
1278 4186 1408 4270 quidem
1417 4185 1575 4270 genuinae

341 4293 493 4360 lectionis
512 4292 723 4377 permanente
743 4292 827 4359 teste
847 4293 978 4373 Plotio,
995 4292 1078 4380 apud
1098 4314 1196 4378 quem
1215 4313 1281 4358 non
1298 4292 1369 4379 jam
1390 4290 1502 4378 ἀγῶνας
1519 4291 1574 4358 sed

343 4400 482 4466 verbum
500 4399 599 4484 paulo
613 4398 861 4483 infrequentius
879 4399 1000 4485 ἀγωνίας
1018 4401 1173 4467 occurrit.
1197 4399 1365 4475 Quomodo
1392 4419 1434 4464 cx
1454 4398 1575 4485 ἀγωνίας

343 4505 456 4592 ἀγῶνας
476 4506 556 4572 oriri
578 4506 722 4591 potuerit
741 4505 832 4572 nulla
861 4527 959 4592 opera
977 4527 1157 4592 assequor:
1182 4509 1219 4573 at
1237 4528 1304 4573 non
1328 4508 1392 4589 ita,
1414 4505 1578 4591 quomodo¹

343 4633 403 4698 pro
425 4613 599 4678 notissima
622 4633 699 4680 voce
722 4611 834 4699 ἀγῶνας
858 4614 965 4680 scriba
987 4614 1077 4680 aliud
1095 4635 1196 4701 agens
1224 4616 1258 4680 in
1284 4613 1405 4700 ἀγωνίας
1429 4613 1572 4679 incidere

343 4721 498 4805 potuerit.
519 4720 672 4787 Ceterum
697 4719 771 4787 vide
789 4721 891 4808 hujus
910 4720 1063 4788 vocabuli
1087 4742 1166 4788 sane
1184 4723 1292 4788 multa
1312 4722 1398 4808 apud
1422 4722 1571 4788 nostrum
