3568 5472
338 446 379 511 10
625 479 629 487 ·
691 447 695 458 '
854 463 885 509 c.
912 429 1040 510 coiux.

336 563 454 649 πατρίδος
466 583 515 646 (30)
1154 586 1176 635 δ
1187 582 1253 642 αὖθις

336 654 485 738 πατρίδων,
507 654 629 732 κατελδο
616 650 744 728 ’ὲνταςδ
763 648 938 734 μετάτιμῆς,
955 646 1009 716 ἀπο
1012 652 1174 738 δράνταςδὲ
1189 647 1264 728 αὖθις
1278 676 1326 716 και
1316 653 1429 736 ’έληρθ
1430 675 1496 726 ντας
1510 652 1561 715 ὑπὸ

711 794 755 829 οιιι
768 779 817 840 (31)

335 853 389 911 τῶν
408 844 604 926 πολεμίων,”
586 872 644 928 αμα
663 847 694 911 δέ
739 849 786 911 καί
832 852 993 932 παυσαμένῃ
1011 854 1113 934 τῃτῶν
1132 852 1253 912 πολιτῶν
1276 849 1465 934 ἐλευθερίᾳ
1437 872 1483 912 τον
1504 849 1561 926 βίον

336 1021 524 1084 συγκαταστρ
511 1002 654 1081 έψοιν·τας
673 997 754 1078 ὥστε,
773 997 829 1082 εἱγ
830 1003 917 1064 ένοιτο
934 1010 994 1084 τῇ
984 1003 1059 1064 ούσει
1071 1001 1119 1064 καὶ
1137 1010 1171 1084 τῇ
1189 1001 1260 1086 τιίχῃ
1279 999 1406 1083 καθάπερ
1425 1001 1563 1082 τεχνίταις

335 1189 458 1274 ἅμιλλα,
473 1125 745 1278 χαλεπῶςμὶίθξΙάάν
757 1197 971 1280 διακριδῆναιά
936 1221 957 1260 τ
972 1218 1019 1281 τερ
1021 1219 1051 1259 ον
1063 1194 1130 1277 αὕτη
1141 1207 1198 1270 τοῖς
1208 1169 1343 1279 τρίτοις
1332 1221 1350 1277 η
1361 1205 1418 1271 τοῖς
1429 1195 1563 1280 πράγμα·

336 1371 376 1413 σιν
396 1348 487 1428 ἐκείνη
506 1347 570 1423 τοὺς
588 1350 691 1433 ἄνδρας
706 1351 882 1433 ὁμοιοτέρους
895 1341 1086 1434 ἀπείργασται.
1110 1346 1239 1412 Λεκτέον
1254 1347 1285 1412 δέ
1303 1349 1367 1433 περί
1380 1358 1427 1412 τοῦ
1443 1374 1480 1433 πρ
1482 1349 1562 1412 ecto·

335 1503 414 1584 τέρου
434 1502 577 1584 πρότερον.

378 1684 435 1750 24.
463 1685 528 1750 Pro
558 1687 762 1770 ἐπισκεψόμεθα
792 1683 825 1749 cl
850 1685 967 1766 ἐάσομεν
995 1682 1150 1749 scribitur
1176 1683 1208 1748 in
1233 1683 1262 1750 N
1288 1683 1502 1769 ἐπισκεψώμεθα
1529 1691 1564 1749 et

336 1795 475 1874 ἐάσωμεν,
493 1811 598 1876 neque
617 1789 750 1878 injuria.
769 1790 818 1859 of.
837 1792 924 1856 enim
938 1789 1048 1856 racia·
1061 1790 1221 1856 Masathat
1236 1789 1324 1856 vitae
1337 1791 1533 1878 principium
1553 1810 1560 1857 :

335 1900 470 1965 Τοιοίτσυ
489 1901 520 1965 δέ
546 1913 593 1966 τοῦ
619 1899 838 1986 Περικλέους...
868 1905 1075 1985 γεγονότος...,
1102 1901 1147 1966 ἐπί
1171 1903 1217 1966 τὸν
1242 1899 1348 1965 Φάάιον
1372 1899 1422 1982 τὴν
1446 1904 1563 1986 ἱστορίαν

336 2009 601 2091 μεταγάγωμεν.
615 2003 742 2092 Ayc'dc‘s
755 2005 815 2072 vit.
832 2024 860 2070 c.
874 2004 917 2087 ΙΙ,
930 2003 954 2069 Ι.
966 2004 1031 2070 40:
1049 2005 1314 2092 Παραάάλωμεν
1328 2007 1357 2071 δὲ
1374 2007 1465 2083 αὐτοῖς
1476 2005 1514 2089 (i.
1532 2025 1561 2070 e.

334 2124 394 2190 τοῖς
420 2113 583 2200 Γράγχοις)
607 2113 774 2179 Λακωνικὸν
798 2120 895 2198 ζεῦγος
918 2118 1112 2197 δημαγωγῶν,
1133 2111 1221 2198 Ἀγιν
1240 2118 1287 2180 καί
1307 2113 1476 2195 Κλεομένην
1501 2114 1572 2190 τοὺςΙ

335 2223 474 2300 βασιλεῖς.
496 2218 661 2306 Imprimis
680 2238 758 2284 vero
780 2218 886 2284 locum
909 2238 983 2285 cum
1003 2217 1065 2284 hoc
1085 2213 1199 2285 nostro
1218 2219 1315 2305 plane
1333 2218 1510 2345 gemellum
1531 2219 1564 2283 in

337 2323 399 2391 vii.
423 2323 597 2390 Dioncsc.
619 2324 661 2404 ΙΙ,
688 2323 711 2392 Ι.
736 2324 872 2391 23·25;
901 2323 1001 2390 Ἀλλὰ
1025 2337 1111 2391 ταῦτα
1138 2327 1188 2408 μέν
1175 2327 1259 2403 νείς
1285 2324 1420 2392 ἄλλον
1407 2353 1494 2392 ανακε
1481 2332 1563 2392 ίσθω

334 2437 391 2517 λίγ
393 2457 434 2498 ο.ν
463 2429 514 2496 Ἐν
541 2437 667 2518 τοίτῳδ
671 2433 797 2514 λ’δωδ
785 2435 875 2519 κάτῳ
898 2439 952 2497 τῶν
971 2435 1202 2520 παραλλήλων”
1188 2459 1243 2498 οντι
1264 2436 1393 2514 βίων,
1365 2460 1412 2500 τον
1430 2447 1478 2500 τοῦ
1497 2461 1565 2522 τρε·

336 2544 447 2625 σίντέρο
450 2565 464 2604 υ
484 2538 570 2623 (scil.
591 2542 636 2605 τὸν
655 2553 702 2605 τοῦ
723 2539 832 2617 Δίωνος
851 2539 963 2622 βίον)τ
943 2542 1203 2627 προεισαγάγωμεν.

378 2663 435 2729 25
461 2663 595 2728 Parcior
612 2662 663 2728 est
681 2661 820 2748 vulgata
840 2662 987 2730 recensio
1015 2663 1049 2728 in
1067 2661 1215 2730 addendo
1236 2662 1336 2730 verbo
1358 2663 1565 2730 substantivo
1597 2665 1599 2668 ’

334 2768 420 2856 quod
441 2763 576 2849 dicitur,
593 2769 713 2856 quippe
731 2770 796 2851 cui,
812 2769 850 2836 ut
873 2769 908 2835 iu
922 2771 1088 2856 superiore
1101 2770 1208 2858 capite
1225 2770 1331 2857 γένοιτ’
1345 2777 1389 2852 άν,
1412 2773 1459 2836 sic
1477 2774 1510 2855 ἢν
1529 2775 1565 2837 in

334 2876 396 2942 hoc
411 2876 526 2943 desit:

377 3001 433 3068 26.
460 3002 548 3085 Κακὴ
571 3020 630 3086 pro
651 2997 735 3068 κάκεῖ
756 2999 789 3066 et
811 3005 859 3068 καί
882 3006 974 3080 κίλισς
994 3001 1144 3085 (accentu
1167 3002 1262 3088 gravi
1280 3003 1355 3088 post
1376 3004 1486 3086 eraso)
1506 3023 1565 3089 pro

336 3111 475 3187 Κεκίλιος
490 3107 591 3194 (quod
607 3106 822 3194 gentilicium,
837 3109 929 3193 puto,
945 3107 1062 3174 melius
1077 3109 1260 3195 scripsisset
1274 3109 1411 3176 Carolus
1423 3109 1566 3176 Sintenis

337 3216 502 3298 Καικίλιος)
513 3214 596 3281 nihil
612 3213 701 3281 aliud
716 3215 839 3281 sunt
808 3235 872 3280 n1s1
864 3215 1035 3302 'exempla
1050 3235 1135 3281 nova
1144 3214 1294 3281 candoris
1310 3215 1397 3330 illius
1407 3237 1472 3301 quo
1486 3236 1566 3283 usus

335 3323 387 3389 est
405 3322 539 3389 scriba
531 3343 565 3389 m
585 3322 694 3390 codice
712 3323 742 3390 N
763 3321 984 3390 describendo.

378 3447 434 3514 27.
462 3445 676 3515 claudicabat
704 3447 774 3512 sine
796 3447 1022 3514 controversia
1041 3447 1205 3514 sententia
1229 3447 1269 3514 de
1292 3448 1433 3536 Caecilio
1457 3468 1567 3535 gram·

335 3556 467 3623 matico.
489 3554 562 3622 Non
585 3556 672 3621 enim
696 3555 924 3622 Demosthenis
948 3555 1186 3642 Ciceronisque,
1214 3555 1270 3622 sed
1293 3557 1424 3623 tantum
1446 3558 1564 3622 Demo·

337 3663 503 3730 sthenicae
523 3663 819 3748 Ciceronianaeque
840 3663 1002 3729 orationis
1021 3664 1224 3751 comparatio
1239 3662 1414 3730 videbatur
1432 3665 1566 3730 Plutar-

334 3772 395 3838 cho
428 3769 623 3864 periculosa.
654 3769 746 3846 Quod
771 3769 840 3836 bini
866 3769 954 3850 recte
981 3771 1153 3837 senserunt
1179 3769 1335 3837 Germani
1349 3772 1562 3858 interpretes,

334 3899 400 3944 non
419 3897 488 3944 sese
507 3867 712 3944 continentes
731 3877 822 3943 intra
840 3877 1002 3964 vulgatas
1019 3875 1174 3943 editionis
1189 3874 1327 3954 verba¹;
1345 3898 1450 3963 neque
1469 3880 1567 3945 aliter

335 3983 478 4051 lacobus
493 3986 603 4050 noster
613 3984 739 4072 Amyot
753 3984 854 4050 vertit
867 4005 874 4050 :
888 4005 907 4049 ιι
920 3985 994 4051 Une
1007 3986 1261 4069 comparaison
1276 4003 1318 4049 ns
1336 3981 1566 4062 n’rinocuuncs

335 4092 377 4158 de
387 4089 623 4160 Demosthene
638 4112 723 4159 oceo
738 4111 845 4160 onnon
857 4111 899 4158 nn
918 4089 1074 4159 ciceron.
1090 4113 1108 4155 ν
1125 4091 1255 4178 Optime
1273 4111 1352 4157 sane
1370 4112 1378 4158 :
1399 4093 1455 4160 ille
1471 4113 1563 4174 vero,

334 4200 483 4267 omnium
509 4200 704 4286 gallicorum
730 4200 946 4285 interpretum
970 4198 1066 4264 facile
1093 4199 1258 4285 princeps,
1283 4219 1349 4265 non
1369 4219 1410 4266 ex
1435 4200 1567 4288 ingenio

334 4326 405 4389 suo,
424 4325 475 4372 me
496 4305 626 4391 quidem
646 4305 768 4393 judice,
787 4306 881 4382 ¹hanc
899 4304 1028 4373 felicem
1050 4305 1323 4389 emendationem,
1345 4306 1401 4373 sed
1421 4307 1529 4393 potius
1549 4327 1567 4372 e

368 4525 390 4576 l.
409 4525 583 4576 Griechische
600 4525 745 4578 Prosaiker
763 4525 793 4576 in
814 4541 898 4577 neuen
921 4526 1147 4591 Uebersetzungen
1171 4525 1348 4591 hrsggbenv.
1367 4524 1497 4578 Osiander
1512 4525 1566 4576 und

335 4597 457 4658 Schwab‚
474 4596 531 4648 293.
548 4596 702 4660 Bindchen,
720 4597 748 4648 S.
765 4597 854 4648 2355:
877 4599 981 4648 «Hecto
995 4597 1042 4648 der
1057 4597 1161 4648 iiberall
1178 4612 1210 4647 au
1226 4597 1456 4648 dreisteciicilius
1470 4596 1566 4647 hieran

335 4668 460 4732 gedacht,
474 4682 503 4718 sc
518 4667 610 4719 wiirde
626 4684 656 4719 er
670 4683 698 4720 es
715 4668 790 4720 nicht
806 4673 910 4734 μεινεκε
926 4670 1012 4720 haben
1031 4667 1091 4720 eins
1104 4667 1305 4734 Vergleichung
1316 4668 1362 4718 des
1374 4667 1565 4720 Demosthenes

336 4739 390 4790 und
403 4738 495 4791 Cicero
508 4740 561 4803 [als
570 4740 697 4802 Βατίνιον]
710 4755 741 4790 ιιι
758 4738 1011 4792 verdiientlichcn.»
