3568 5472
491 478 536 525 na
562 473 753 522 ruurancur
777 474 894 522 comen
918 473 1135 522 uurarrsnsr.
1385 457 1427 521 19
1475 523 1480 532 ,

200 619 335 669 sensum
358 598 567 686 assequetur.
603 600 756 664 Tertium
786 599 881 665 obesi
914 605 1038 665 tameo
1072 603 1113 666 ui
1144 598 1429 665 emendationem

200 711 309 776 isium
326 713 365 776 m
384 713 592 776 comeatum
614 708 777 791 recepere
796 689 986 785 coluerim,
1007 712 1046 773 ut
1065 726 1109 772 oe
1128 709 1165 772 m
1182 707 1264 772 otiis
1283 705 1429 790 quidem

199 819 309 884 mullo
329 816 520 885 levioribus
538 815 576 880 m
599 815 692 880 mibi
706 816 969 900 persuaserim.
995 814 1068 881 Non
1080 796 1201 880 ‘dubito
1219 814 1330 879 autem
1349 815 1429 900 quin
1500 811 1504 820 ⁴

198 927 232 992 et
250 924 310 990 illa
327 923 513 992 emendatio
528 923 561 988 et
579 921 665 989 aliae
681 921 807 989 multae
822 924 857 987 in
873 921 941 990 vet.
963 921 1127 990 codicibus
1141 921 1284 990 inveniri
1294 921 1427 1006 queant,

200 1034 340 1119 quanvis
362 1052 404 1098 ex
428 1031 492 1096 illis
518 1029 695 1096 annotatae
713 1050 779 1096 non
799 1027 876 1094 sint.
906 1028 993 1096 Talis
1015 1031 1102 1096 enim
1121 1029 1302 1095 multarum
1321 1047 1429 1094 emen·

200 1140 371 1208 dationum
398 1137 531 1206 omissio
561 1137 752 1224 contingere
780 1157 822 1204 ex
850 1157 889 1203 eo
916 1137 1026 1223 potest
1053 1136 1138 1223 quod
1164 1141 1200 1203 in
1225 1133 1430 1203 conferendis

201 1226 446 1334 typographicis
470 1243 670 1310 editionibus
699 1264 772 1310 cum
802 1243 943 1312 vetustis
966 1244 1209 1331 exemplaribus
1236 1243 1429 1331 pronuncia-

202 1355 301 1420 tionis
316 1352 471 1419 vicinitas
485 1352 519 1416 in
535 1351 732 1418 lectionibus
747 1352 870 1436 alioqui
881 1350 975 1418 valde
984 1350 1126 1420 diversis
1140 1371 1238 1417 aures
1249 1337 1323 1438 ejus
1337 1350 1431 1416 fallat

201 1463 258 1545 qui
272 1459 436 1546 legentem
455 1457 558 1524 audit.
581 1457 758 1525 Caeterum
778 1479 890 1525 earum
910 1479 995 1545 quae
1012 1461 1046 1526 in
1068 1459 1261 1526 contextum
1281 1457 1431 1543 receptae

201 1566 336 1633 fuerunt
359 1565 682 1633 emendationum-ct
702 1566 843 1633 aliarum
867 1569 969 1634 etiam
995 1588 1076 1652 quas
1096 1569 1130 1632 in
1150 1564 1431 1632 Annotationibus

202 1674 316 1750 habes,
346 1674 518 1760 pleraeque
547 1675 581 1738 in
610 1673 799 1741 deotissime
830 1676 865 1742 et
890 1676 1135 1761 elegantissima
1163 1672 1431 1760 interpretatione

201 1780 328 1847 Gallica
352 1780 546 1847 observatae
569 1778 716 1862 fuerunt,
734 1802 781 1849 em
799 1783 928 1849 iz'sdem
952 1781 1220 1868 exemplaribus
1238 1781 1386 1864 petitae.
1411 1799 1430 1842 »

203 1890 247 1955 Et
264 1909 380 1955 rursus
395 1908 482 1968 cum,
500 1887 592 1954 brevi
608 1889 713 1975 spatio
727 1890 911 1978 interjecta,
928 1890 968 1957 de
986 1889 1127 1975 quadam
1145 1888 1335 1977 conjectura
1348 1885 1433 1951 mul-

201 1996 245 2061 tis
264 1995 451 2061 nominibus
476 2015 555 2061 sane
578 1996 740 2081 probabili
765 2001 932 2083 ageretur,
962 1997 1057 2078 addit
1077 1995 1264 2082 Stephanus
1287 2015 1294 2059 :
1318 2015 1337 2058 ‹<
1359 1993 1432 2059 Sed

201 2123 278 2190 epo,
301 2105 449 2188 quomis
467 2102 564 2198 hom
583 2105 867 2172 emendationem
885 2107 949 2194 iilo
968 2125 1107 2190 quoque
1128 2106 1246 2170 aliero
1265 2101 1432 2187 ejusdem

202 2212 390 2295 scm'ptoris
417 2210 491 2274 loco
514 2211 732 2294 comfirmari
762 2214 980 2290 cuderem...
1012 2211 1276 2296 eocpecioodmm
1298 2207 1433 2294 putavi

202 2318 287 2384 dum
302 2336 349 2383 ecc
368 2320 436 2382 oet.
455 2317 534 2410 eod
556 2336 641 2384 eom
655 2319 784 2385 itidem
802 2319 979 2386 haberem.
1001 2340 1020 2384 »

247 2423 344 2489 Hunc
365 2425 434 2488 tam
459 2423 595 2509 longum
623 2423 732 2491 locum
758 2426 832 2492 ideo
856 2427 1125 2512 transcripsimus
1153 2425 1193 2490 ut
1216 2424 1278 2490 hoc
1295 2423 1432 2489 lectores

203 2531 284 2596 bene
299 2529 451 2595 tenerent
469 2529 726 2615 Stephanianam
746 2533 935 2616 editionem,
956 2535 1070 2620 utpote
1093 2532 1259 2599 codicibus
1278 2530 1433 2598 Vitarum

203 2635 399 2723 quibusdam
417 2636 546 2717 innixa,
571 2638 674 2704 nullis
693 2640 847 2707 subsidiis
865 2640 998 2708 aliunde
1012 2642 1136 2728 petitis,
1154 2660 1235 2728 pure
1255 2639 1433 2724 diploma·

203 2746 327 2823 ticam,
345 2743 384 2808 ut
402 2744 510 2825 aiunt,
531 2743 714 2812 ducendam
733 2767 815 2815 esse.

246 2851 294 2917 At
320 2851 436 2917 contra
463 2871 537 2918 cum
562 2853 707 2939 undique
731 2855 956 2924 Sintenisiana
975 2858 1122 2932 recensio
1142 2855 1184 2922 ad
1208 2852 1433 2942 recuperanda

203 2958 306 3026 verba
329 2962 402 3045 ipsa
426 2961 589 3044 auctoris,
616 2964 778 3048 quantum
805 2986 858 3031 res
882 2965 953 3031 tum
973 2965 1117 3047 sinebat,
1146 2965 1240 3036 varia
1266 2981 1432 3049 compara-

203 3067 292 3135 verit
309 3065 448 3146 auxilia,
470 3069 614 3153 primum
632 3070 727 3137 nobis
745 3072 796 3138 est
819 3093 908 3139 nunc
926 3072 1170 3146 observandum
1190 3070 1308 3156 quibus
1327 3068 1432 3154 qnali-

203 3174 328 3257 busque
346 3174 447 3260 copiis
462 3175 647 3243 instructus
661 3177 799 3245 Carolus
814 3179 958 3246 Sintenis
971 3179 1012 3246 ad
1025 3181 1128 3247 vitam
1147 3178 1256 3246 Crassi
1275 3174 1432 3242 edendam

203 3301 379 3368 aggressus
398 3281 452 3346 sit.
480 3282 569 3348 Usus
593 3284 645 3350 est
663 3286 787 3367 autem,
810 3325 856 3337 -
873 3289 913 3354 ut
931 3287 1173 3354 emendationes
1192 3306 1212 3351 a
1230 3285 1313 3352 viris
1328 3281 1433 3349 doctis

202 3409 244 3455 ex
264 3388 395 3474 ingenio
408 3389 555 3475 repertas
575 3392 609 3457 et
624 3392 711 3459 locos
730 3395 833 3481 ipsius
852 3397 997 3462 auctoris
1015 3399 1220 3484 παραλλήλους
1233 3393 1372 3472 taceam,
1385 3427 1434 3474 ,-

203 3515 261 3580 per
275 3495 381 3560 totum
403 3495 552 3564 libellum
571 3498 665 3566 libris
685 3504 919 3589 manuscriptis
935 3503 988 3571 vel
1004 3503 1303 3589 Stephanianorum
1318 3496 1434 3564 simili·

204 3600 266 3665 bus
286 3600 453 3666 ueletiam
473 3603 571 3688 paulo
594 3604 828 3688 deterioribus,
851 3607 921 3675 scil.
944 3608 1071 3675 duobus
1089 3608 1250 3675 Parisinis
1268 3605 1433 3674 codicibus

204 3706 253 3790 (Α
267 3706 300 3772 et
313 3707 356 3791 C)
377 3708 642 3798 Baroccianoque
661 3736 727 3780 uno
747 3717 832 3801 (Βο)
850 3717 950 3802 atque
968 3718 1136 3804 farragine
1157 3715 1299 3803 quadam
1322 3713 1433 3780 lectio-

204 3832 282 3878 num
303 3833 322 3878 a
338 3815 468 3882 Muretc
489 3818 565 3896 olim
586 3822 814 3914 excerptarum
833 3844 851 3888 e
869 3825 1012 3910 quinque
1030 3823 1124 3891 libris
1143 3823 1277 3904 italicis,
1299 3822 1433 3888 minime

203 3920 370 4006 ceteroqui
398 3943 497 4009 opera
529 3925 751 4012 Stephaniana
784 3931 988 4018 contempta,
1023 3933 1095 3998 tum
1127 3932 1272 4017 insuper,
1307 3929 1382 3994 inde
1414 3947 1434 3993 a

203 4045 276 4112 cap.
297 4028 373 4108 XV,
404 4028 428 4095 l.
453 4032 497 4098 33
518 4035 679 4118 usquead
698 4035 810 4120 finem,
837 4038 1026 4106 testimonio
1046 4036 1332 4126 Pseudo-Appiani
1355 4034 1435 4100 scri-

202 4133 311 4202 bentis
327 4135 503 4204 historiam
522 4139 746 4209 Romanorum
765 4145 968 4212 Parthicam.
1439 4165 1441 4170 ·

250 4243 417 4310 «Exstat
444 4265 572 4332 nempe,
594 4269 612 4313 s
642 4250 680 4315 ut
708 4251 844 4318 candide
869 4253 917 4318 ait
940 4253 1082 4318 ioannes
1103 4244 1431 4337 Schweighaeuser¹,

203 4369 236 4416 v.
255 4347 356 4431 doct,
375 4350 443 4416 cin
463 4352 575 4438 Regiis
590 4355 767 4436 codicibus,
785 4359 819 4423 in
838 4359 1047 4446 Augustauo,
1068 4358 1103 4424 in
1123 4357 1272 4424 omnibus
1292 4354 1434 4438 denique

195 4455 261 4548 'qui
275 4455 457 4542 pleniorem
471 4460 614 4545 aliquam
633 4463 858 4532 collectionem
876 4465 1036 4533 librorum
1059 4487 1101 4532 ex
1120 4465 1263 4553 Appiani
1277 4461 1434 4529 Romanis

236 4693 259 4746 1.
280 4694 335 4747 adi
361 4717 375 4744 α
397 4698 439 4749 Ad
462 4699 611 4754 Historiam
633 4704 788 4757 Parthicam
811 4707 939 4773 Appiano
959 4713 1058 4759 temere
1081 4706 1211 4758 tributam
1232 4705 1349 4756 adnotat.
1369 4721 1382 4748 n
1405 4701 1435 4751 in

205 4769 335 4830 Appiani
347 4770 428 4822 Alea.
442 4773 646 4826 Romanorum
661 4779 762 4829 histor.
774 4785 1095 4842 praesumerentur„
1107 4785 1128 4830 t.
1138 4778 1182 4843 111,
1196 4793 1223 4844 p.
1235 4777 1302 4829 905.¹
