3568 5472
347 429 389 496 16
863 444 894 490 c.
921 442 1049 492 usnux.

387 570 442 639 44.
470 571 713 658 Προπεμπόμενον
738 571 790 635 ὑπὸ
806 575 860 634 τῶν
879 574 997 635 πολλῶν
1017 566 1105 634 idem
1119 567 1208 636 valet
1223 570 1320 654 atque
1338 573 1392 637 ὑπὸ
1414 584 1462 637 τοῦ
1481 576 1569 662 δήμοιο

343 698 524 768 parumque
551 696 625 742 cum
649 675 791 742 veritate
814 676 982 741 concinere
1008 675 1149 743 videtur.
1179 677 1333 743 Fortasse
1361 675 1477 744 melius
1501 677 1569 764 legi

346 795 467 856 πολιτῶν
477 781 617 870 putabat
629 781 838 868 Augustinus
853 784 975 867 Bryan.
988 773 1122 848 Rectius
1136 782 1258 863 tamen,
1275 783 1313 849 ut
1328 803 1435 869 saepe,
1452 783 1570 850 Coraes

343 869 467 961 dxtrito
481 890 622 957 articulo
636 885 745 955 locum
760 888 899 955 sanabat
917 889 974 974 (ἵν’
990 891 1009 978 ᾖ
1027 895 1080 957 ὑπὸ
1094 897 1204 958 πολλοῦ
1223 896 1349 975 πλήθους
1365 889 1536 978 ἀνθρώπων)
1558 912 1566 957 :

343 1000 428 1088 quod
452 1019 540 1066 nuno
567 996 734 1080 codicisN
760 996 948 1077 testimonio
966 997 1063 1083 plane
1084 995 1309 1065 confirmatur.
1336 997 1386 1066 Cf.
1410 999 1581 1065 Jacobum.

343 1108 481 1195 Amyot,
509 1106 650 1173 codicem
676 1105 823 1192 ejusdem
850 1105 963 1190 stirpis
991 1105 1141 1171 secutum
1168 1125 1176 1171 :
1205 1127 1223 1170 ‹<
1251 1105 1394 1172 Comme
1414 1107 1444 1172 il
1462 1108 1568 1173 estoit

343 1212 587 1303 accompapne'
606 1214 650 1280 de
667 1213 811 1298 provide
830 1215 940 1279 solite
958 1214 1001 1279 de
1019 1231 1120 1300 peres,
1143 1233 1162 1277 ν

281 1459 284 1464 Ι
386 1381 441 1446 45.
468 1381 529 1445 Καὶ
555 1382 706 1460 κατενόησε
730 1375 844 1442 addita
864 1375 1007 1462 margini
1028 1375 1176 1442 codicum
1196 1372 1330 1440 ADTS
1351 1374 1569 1462 editionisque

342 1487 577 1556 Lambinianae
610 1484 708 1568 atque
745 1485 833 1550 inter
874 1484 1096 1551 Vulcobianas
1137 1483 1373 1572 quusdamque
1409 1485 1568 1570 anonymi

342 1594 522 1680 scripturas
538 1591 662 1670 notata,
683 1591 825 1675 primum
845 1591 878 1656 in
897 1591 1025 1657 textum
1042 1591 1211 1657 revocavit
1228 1589 1328 1656 editio
1347 1589 1568 1657 Sintenisiana

342 1702 459 1789 major.
482 1700 572 1776 Quae
584 1698 654 1784 jam
672 1696 714 1763 ob
734 1695 892 1762 disertum
907 1697 1132 1764 testimonium
1147 1697 1267 1765 codicis
1287 1697 1329 1778 N,
1346 1717 1413 1763 non
1431 1698 1466 1763 in
1480 1716 1568 1762 mar-

341 1811 451 1895 ginem
474 1806 662 1893 relegantis,
691 1804 803 1870 sedin
829 1805 899 1890 ipso
921 1805 1097 1890 verborum
1126 1804 1241 1872 ordine
1263 1801 1480 1882 ostendentis,
1508 1821 1568 1892 pro

340 1912 492 2002 genuinis
514 1912 593 1979 sunt
610 1910 772 1978 habenda.

385 2068 440 2135 46.
472 2063 527 2145 Ὡς
541 2062 650 2153 potuit
663 2065 788 2141 abesse,
810 2085 869 2132 nec
883 2084 961 2131 sane
977 2064 1129 2153 displicet
1147 2065 1305 2132 additum.

385 2220 441 2284 47.
466 2217 526 2284 Ἂν
544 2216 742 2283 auctoritate
760 2217 881 2283 nititur
908 2215 1054 2284 codicum
1071 2217 1177 2283 ADT
1202 2218 1291 2301 (cum
1309 2205 1451 2284 editione
1469 2217 1566 2282 Lam·

341 2327 487 2409 biniana)
502 2324 770 2408 Matritensisque
785 2324 900 2405 nostri,
916 2323 1054 2409 ideoque
1066 2323 1184 2392 vocula
1199 2325 1274 2404 ista,
1292 2344 1406 2411 parum
1421 2325 1566 2390 correcte

339 2454 414 2500 cum
437 2432 548 2498 futuro
575 2433 706 2512 ἐσόμενος
732 2427 939 2516 conjuncta¹,
980 2430 1118 2520 jamjam
1146 2430 1302 2497 exstabat
1328 2431 1363 2496 in
1386 2430 1565 2517 archetypo

339 2541 503 2608 communi
526 2537 685 2605 librorum
714 2537 871 2618 ADTN,
899 2536 967 2619 scd,
993 2539 1028 2602 ni
1050 2537 1159 2618 fallor,
1183 2537 1267 2602 nihil
1285 2537 1374 2604 aliud
1393 2539 1444 2612 est
1467 2558 1565 2624 quam

340 2655 374 2732 δή
393 2646 610 2734 depravatum
627 2645 704 2729 (ΔΗ
718 2674 763 2700 =
777 2643 863 2727 AN).

383 2801 441 2866 48.
464 2801 524 2865 Καὶ
547 2799 630 2876 αὐτὸς
652 2794 743 2862 addit
765 2796 795 2863 N
819 2816 895 2863 cum
917 2795 1068 2878 ADSR‚
1094 2798 1312 2864 Lambiniana
1330 2797 1408 2864 edit.
1427 2799 1462 2864 et
1479 2798 1565 2864 notis
1598 2832 1603 2842 ·

341 2900 568 2974 Vulcobianis'.
588 2903 679 2970 Haeo
698 2903 803 2990 igitur
817 2903 913 2970 lectio
927 2923 967 2969 ex
982 2903 1161 2992 archetypo
1175 2906 1333 2988 manauit,
1348 2907 1460 2991 estque
1472 2906 1565 2972 certo

337 3012 516 3101 probanda.

381 3158 437 3223 49.
464 3155 536 3250 Ἐπὶ
557 3157 606 3240 τὴν
628 3159 724 3242 χρείαν
749 3154 783 3220 et
807 3173 894 3220 nova
913 3153 1077 3241 scriptura
1098 3156 1138 3235 εἰς
1154 3158 1203 3240 τὴν
1219 3159 1316 3244 χρείαν
1337 3175 1401 3222 non
1421 3155 1562 3222 multum

338 3265 423 3330 inter
439 3284 473 3330 se
487 3262 687 3348 discrepant.

382 3415 437 3480 50.
464 3413 544 3490 Quis
560 3432 638 3479 vero
651 3411 738 3477 dicat
751 3411 828 3497 quid
840 3412 902 3478 sibi
917 3411 996 3478 velit
1007 3411 1088 3477 illud
1103 3420 1117 3478 ὁ
1132 3420 1259 3496 ποιητής,
1273 3412 1359 3497 quod
1370 3413 1403 3476 in
1414 3413 1563 3480 codiceN

339 3521 412 3586 voci
432 3515 595 3606 Ἕρμιππος
618 3518 768 3608 comitem
792 3539 827 3584 se
857 3517 1028 3606 adjungit?
1058 3518 1170 3583 Alium
1198 3519 1326 3605 poetam
1350 3518 1563 3604 Hermippum

339 3627 469 3692 nomine
483 3626 614 3710 praeter
631 3625 776 3692 veterem
792 3625 885 3691 illum
900 3626 1058 3691 comicum
1075 3625 1307 3711 Aristophanis
1326 3644 1485 3690 coaevum
1504 3645 1564 3712 ego

337 3732 468 3819 quidem
484 3751 549 3797 non
564 3732 653 3799 nori.
667 3731 752 3797 Nam
768 3733 982 3818 Hermippum
994 3731 1210 3816 Smyrnaeum
1222 3732 1412 3798 Callimachi
1423 3731 1565 3817 discipu-

338 3840 409 3907 lum
439 3838 642 3923 eundemque
672 3840 728 3923 qui
749 3842 812 3916 τοὺς
832 3845 907 3921 βίους
925 3859 1024 3925 prosa
1042 3840 1190 3906 oratione
1204 3839 1407 3925 conscripsit,
1428 3839 1565 3925 philoso-

338 3948 452 4035 phum,
482 3947 509 4012 si
532 3946 643 4023 libuit,
665 3947 753 4013 certe
778 3966 843 4012 non
863 3946 992 4033 poetam
1018 3946 1220 4014 Plutarchus
1247 3945 1412 4032 appellare
1437 3945 1560 4012 debuit.

338 4057 419 4123 Cum
449 4074 527 4121 vero
558 4074 624 4119 non
652 4054 754 4119 alium
787 4053 908 4142 dixerit
926 4035 1000 4134 ille,
1031 4055 1148 4140 quippe
1182 4055 1239 4138 qui
1262 4055 1433 4139 Hermippi
1464 4053 1562 4119 Vites

338 4162 452 4229 crebro
470 4183 628 4247 usurpare
652 4161 766 4244 soleat,
788 4162 899 4248 aliqua
922 4161 1038 4228 fraude
1054 4161 1318 4228 molestissimum
1343 4160 1426 4228 illud
1448 4169 1564 4244 ποιητής

337 4270 372 4335 in
396 4269 558 4336 sententia
581 4269 771 4354 apparuisse
797 4269 939 4336 credam.
973 4269 1061 4337 Num
1090 4269 1181 4356 tegat
1202 4277 1282 4336 ποτέ
1301 4267 1407 4335 riori?
1426 4268 1469 4335 Ni
1489 4268 1563 4352 quis

338 4373 415 4462 quid
435 4375 550 4442 melius
564 4376 740 4463 excogitet,
758 4377 888 4442 animus
905 4377 1042 4443 inclinat
1060 4377 1099 4442 ut
1115 4377 1222 4463 legam
1241 4397 1248 4441 :
1269 4371 1433 4463 Ἕρμιππος
1450 4381 1481 4442 δέ
1500 4379 1563 4461 φησί

331 4489 418 4550 ποτέ
435 4510 519 4551 τισιν
535 4481 695 4561 ἀδεσπότοις
710 4492 902 4567 ὑπομνήμασιν
922 4489 1053 4571 ἐντυχεῖν.

371 4738 394 4790 1.
411 4740 451 4791 Cl.
465 4741 493 4792 G.
504 4741 537 4792 G.
554 4741 635 4792 Cobet
653 4741 719 4792 Ver.
733 4742 792 4792 leel.
807 4739 880 4802 (e'dit.
893 4741 1062 4806 11⁴),p.920t
1074 4756 1101 4806 p.
1111 4740 1167 4791 267.
