3568 5472
358 457 383 522 6
659 467 662 472 ’
708 503 710 506 -
876 473 906 520 cz
933 470 1061 521 GRAUX.
1172 503 1174 508 -

361 598 479 666 codicis
498 593 670 664 lectionem
690 603 832 686 μικρότητι
852 598 886 663 in
907 597 1023 664 nostra
1041 596 1183 664 editione
1204 596 1437 684 expressimus,
1459 595 1587 663 collatis

355 705 484 773 ’θαιοακ
505 706 593 790 maj.
615 725 686 791 cap.
709 707 753 786 V,
774 741 820 756 -
838 704 894 772 ubi
904 706 975 794 jam
995 705 1133 773 Carolus
1157 705 1300 772 Sintenis
1319 705 1392 791 post
1410 704 1587 771 Henrieum

360 816 527 899 Sohaefer‚
554 817 701 884 codicum
728 820 752 885 C
773 819 806 884 et
832 821 859 886 D
882 818 1081 885 auctoritate
1108 817 1227 898 fretus,
1253 819 1292 896 εἰς
1319 819 1503 905 μικρολογίαν
1529 832 1588 899 pro

359 924 499 1011 vulgata
528 924 668 992 lectione
707 927 747 1004 εἰς
780 932 979 1013 σμικρολογίαν
1016 925 1185 1006 restituit,
1216 960 1261 973 -
1288 924 1322 990 et
1355 925 1467 990 lefrice
1495 921 1587 987 Plu-

361 1034 504 1100 tareheo
523 1052 543 1099 a
561 1032 675 1099 Daniel
690 1033 920 1120 Wyttenbaoh
939 1032 1071 1099 condito
1085 1034 1128 1117 (s.
1146 1055 1181 1100 ν.
1203 1034 1360 1122 μικρότης),
1382 1028 1469 1118 quod
1487 1027 1552 1093 adi.

780 1265 971 1327 Demosth.
995 1265 1063 1328 vit.
1085 1281 1116 1329 c.
1140 1265 1177 1327 2.

1188 1409 1218 1466 οὗ
1407 1408 1461 1465 οὐδ’
1499 1429 1502 1434 ·

404 1480 457 1568 Τῷ
471 1486 564 1564 μέντοι
578 1480 702 1558 σύνταξιν
716 1484 935 1568 ὑποθεθλημένῳ
948 1485 996 1548 καὶ
1009 1485 1127 1568 ἱστορίαν
1142 1481 1173 1559 ἐξ
1188 1477 1219 1547 οὗ
1233 1483 1387 1567 προχείρων
1403 1480 1466 1545 οὐδὲ
1480 1483 1588 1546 οἰκείων

361 1673 440 1744 ἀλλά
454 1677 540 1755 ξένων
554 1702 585 1743 τε
595 1609 826 1743 οῃέιάθῧλιλλῶν
839 1681 886 1744 καὶ
901 1681 1107 1764 διεσπαρμένων
1128 1679 1156 1742 ἐν
1176 1682 1281 1764 έτέροις
1299 1688 1438 1742 συνιοῦσαν
1459 1672 1588 1760 οἰναγνω·

360 1884 472 1965 σμάτων
485 1890 525 1970 τῷ
540 1885 595 1949 θντι
608 1885 699 1969 χρὴπ
678 1891 786 1970 πρῶτον
800 1885 933 1970 ὑπάρχειν
947 1886 995 1949 καί
1012 1815 1247 1965 μάλιστατήἐάθθέ
1260 1885 1342 1948 πάλιν
1367 1815 1584 1976 εθδδάάέγμμάάν
1528 1885 1589 1948 καί

362 2085 515 2165 φιλόκαλον
538 2083 586 2146 και
594 2042 893 2166 πολυάνθρωπον,ω
895 2081 1094 2158 ςιεβθλίωντ
1116 2083 1299 2145 παντοδαπῶν
1323 2012 1491 2163 άρθονίανιχ
1492 2010 1588 2163 έχέἐά,)

756 2217 841 2282 διιίαφε
827 2235 965 2283 νωγσντασ
966 2235 1022 2282 τηρι
1014 2215 1103 2287 ίορ(18)

361 2287 408 2350 καὶ
430 2284 483 2350 ’ὸσα
505 2284 568 2361 τοθς
590 2285 752 2371 γράροντας.
769 2288 933 2369 διαρυγοντα
956 2272 1091 2375 σωτηρίαν
1112 2290 1224 2367 μνή;ςιη
1247 2286 1459 2370 ἐπιφανεστέραν
1486 2269 1588 2366 ειλεηρ

1066 2423 1097 2488 μα)
1111 2425 1208 2474 πολλῶν
1220 2417 1298 2486 μηδ”
1287 2440 1415 2506 ανριγκω
1352 2423 1415 2474 καίω
1416 2419 1494 2482 ν(19)

362 2493 450 2555 πίστιν
460 2484 692 2570 υπολαμθανων
677 2513 729 2554 ακο
730 2492 808 2576 ῇκαι
822 2492 1072 2572 διαπυνθανόμενος
1097 2491 1217 2570 μηδενὸς
1234 2496 1288 2554 τῶν
1307 2485 1466 2573 ἀναγκαίων
1498 2487 1590 2564 ἐνδεές

954 2631 999 2667 om
1009 2617 1043 2678 (9)

363 2681 445 2751 άποδι
447 2685 579 2766 δοίηέ
520 2710 551 2750 το
580 2708 658 2771 ρ.γον
677 2680 783 2766 Ημεις
797 2681 941 2770 δέμρικαν
910 2685 1026 2765 ανένμ
1059 2695 1197 2760 οικουντες
1210 2686 1305 2760 πολιν
1317 2684 1392 2749 καί“
1379 2708 1422 2749 ινα
1435 2684 1474 2767 μὴ
1489 2679 1595 2768 μικρο-Ι

362 2834 429 2915 τέρα
446 2833 560 2913 γένηται
579 2821 840 2912 uuiexupe'urressq
830 2831 893 2892 ενδ
879 2828 909 2892 δὲ
933 2823 1035 2914 Ρώμῃ
1053 2830 1101 2893 καὶ
1118 2853 1179 2904 ταις
1194 2852 1230 2893 πε
1231 2828 1320 2914 ριτὴν
1341 2824 1500 2892 Ἰταλίανδ
1485 2830 1587 2912 διατρι-

363 3029 424 3101 θαϊς
441 3025 472 3089 σθ
492 3028 600 3109 σχολῆς
615 3026 698 3106 οὔσης
711 3025 895 3108 γυμνάζεσθαι
909 3026 972 3110 περί
990 3025 1039 3106 τὴν
1057 3020 1222 3107 Ῥωμαϊκὴν
1237 2953 1404 3089 διάάλέάέάν
1420 3025 1472 3089 ὑπὸ
1487 3031 1589 3110 χρειῶν

362 3170 512 3233 πολιτικων
530 3169 578 3232 καὶ
591 3174 682 3232 τῶν·
660 3165 704 3231 διὰ
721 3170 879 3251 ριλοσορίαν
898 3168 1117 3249 πλησιαζόντων,
1135 3165 1186 3250 ὀψέ
1204 3191 1271 3232 ποτε
1283 3169 1331 3232 καὶ
1347 3171 1400 3253 πο’ρ
1403 3191 1442 3252 ρω
1457 3179 1508 3248 τῆς
1521 3171 1587 3246 ἠλι-

617 3304 669 3356 Ῥω
649 3324 714 3371 μα
705 3312 765 3362 κσις
776 3301 919 3371 γράμμασιν
932 3303 981 3365 (20)

361 3377 426 3448 κιάς
447 3397 482 3456 ηρ
455 3369 592 3452 ξάμεθα
616 3368 781 3453 Ρωμσίκῆς
800 3373 983 3455 συντάγμασιν
1003 3373 1192 3456 ἐντυγχάνειν.
1219 3371 1279 3437 Και
1297 3380 1415 3458 πρᾶγμα
1433 3373 1589 3454 θαυμαστὸν

363 3541 398 3596 μ,
386 3515 426 3596 ἐν,
448 3509 518 3580 ἀλλ’
538 3509 627 3596 άληθέ
629 3540 644 3590 ς
663 3515 834 3598 ἐπάσχομεν.
856 3512 951 3578 Oi
920 3538 976 3600 γαρ
996 3515 1084 3592 οὕτως
1104 3516 1138 3580 ἐκ
1155 3540 1209 3580 των
1229 3515 1370 3596 ὀνομάτων
1390 3514 1424 3580 τά
1439 3516 1591 3601 πράγματα

365 3713 480 3776 συνιέναι
499 3712 547 3774 καὶ
565 3712 706 3794 γνωρίζειν
726 3714 789 3774 συνέ
790 3713 880 3774 θαινεν
903 3716 981 3792 ἡμῖν,
1004 3714 1043 3788 ὡς
1062 3712 1100 3776 ἐκ
1118 3735 1172 3776 των
1194 3713 1366 3797 πραγμάτων
1389 3644 1591 3797 άγέωμόξθέθως

491 3841 656 3912 ἐμπειρίαςέπ
656 3850 749 3898 ακολου
750 3851 797 3899 θεῖν
809 3849 849 3900 διά
860 3853 939 3900 ταῦτα
933 3847 998 3936 (31)

365 3920 476 4000 εἴχομεν
491 3915 633 4000 ἐμπειρίαν
648 3915 847 3981 ἐπακολουθεῖν
865 3913 940 3981 δι”
912 3913 982 3980 αυτά
995 3940 1043 3981 και
1053 3927 1171 3993 τοῖς
1125 3916 1251 3999 ονάμασι.
1262 3915 1431 4008 Κάλλουςδ
1416 3917 1446 3983 δέ
1462 3915 1589 4000 Ρωμαϊ-

362 4122 417 4191 κῆς
430 4105 608 4195 ἀπαγγελίας
620 4113 668 4177 καὶ
692 4111 795 4196 τάχους
814 4110 1049 4178 αἰσθάνεσθαικαὶ
1067 4121 1225 4199 μεταφορᾶς
1246 4113 1387 4196 ὀνομάτων
1401 4139 1449 4181 και
1439 4047 1590 4201 011γιάζῖ>

364 4253 496 4348 ρμονίας
508 4265 556 4328 και
574 4287 628 4328 των
643 4259 783 4329 άλλων
757 4288 798 4340 οις
813 4268 931 4348 θλθγος
946 4258 1155 4350 άγάλλεται,χ
1134 4267 1230 4352 χάριεν
1245 4265 1296 4347 μέν
1282 4271 1456 4351 νὴγσάμεθα
1473 4269 1521 4332 καὶ
1540 4264 1591 4332 σὐκ

273 4501 277 4508 -
364 4453 511 4543 άτερπές·
531 4457 599 4539 ἠδέ
615 4459 685 4545 πρὸς
702 4469 782 4524 τουτο
802 4464 909 4542 μελέτη
926 4463 974 4526 και
993 4464 1108 4544 άσκησις
1131 4461 1181 4528 οὒκ
1202 4414 1347 4548 άμαθὴέγ
1314 4395 1502 4528 ‘pnt‘vgaeh
1451 4467 1497 4542 ἄν,
1519 4457 1589 4528 ἀλλ’

364 4596 457 4666 οἷστισι
471 4603 577 4666 πλείων
593 4624 625 4667 τε
638 4601 730 4687 σχολὴ
743 4627 790 4669 και
806 4601 842 4668 τά
854 4615 905 4686 τῆς
924 4602 962 4666 ὥ
949 4628 998 4688 ας
1017 4607 1056 4669 ἐτι
1070 4607 1140 4691 πρὸς
1153 4603 1204 4682 τάς
1216 4609 1345 4682 τοιαύτας
1364 4607 1494 4692 ἐπιχωρει
1482 4610 1590 4690 ριλσ·

363 4744 465 4823 τιμίας.
