3574 5476
526 479 570 526 nr
593 477 785 528 nnurxxcrn
810 460 927 528 conicu
951 476 1172 528 mxrnrrnnsr.
1308 475 1313 482 ·
1419 461 1468 529 29·

281 604 445 673 Nimirum
464 603 510 668 sit
527 623 550 669 a
568 602 669 669 codex
689 601 914 689 autographus
932 600 1122 684 Plutarcbi3
1148 601 1180 678 b,
1200 601 1330 687 primus
1347 622 1465 689 proge-

237 711 334 777 nitor
348 711 529 777 communis
556 710 609 795 (ut
637 710 683 776 ita
708 709 887 793 dicamtet
907 709 1102 795 exemplaris
1127 728 1146 774 a
1166 707 1465 795 Pseudo-Appiano

171 853 173 858 ·
236 818 390 906 usurpati
418 817 452 882 et
481 818 628 883 omnium
656 816 928 883 Plutarcheorum
958 814 1257 902 manuscriptorum
1282 816 1338 900 qui
1368 812 1464 881 bodie

236 925 306 991 noti
341 926 419 991 sunt
444 926 600 1010 (primum
635 925 746 990 autem
775 923 845 989 dico
877 925 913 988 in
942 943 1040 1009 quem
1074 921 1227 989 devenias
1255 921 1296 987 ad
1326 923 1464 1009 stirpem

236 1053 351 1100 versus
378 1053 399 1098 a
423 1032 662 1098 recentioribus
690 1031 893 1119 temporibus
922 1032 1012 1096 retro
1037 1028 1247 1113 devolvens);
1274 1049 1307 1106 r,
1331 1029 1464 1115 quidam

237 1141 320 1207 liber
338 1160 355 1206 e
374 1138 489 1205 mutilo
510 1137 765 1224 imperfectoque
785 1139 893 1203 nescio
915 1157 980 1223 quo
999 1136 1065 1202 alio
1086 1156 1107 1201 a
1125 1136 1279 1223 graeculo
1298 1134 1464 1202 eruditulo

238 1248 422 1334 descriptus
440 1247 622 1313 recensitus
640 1244 802 1328 refectus3
820 1243 1009 1330 riderique,
1026 1243 1154 1331 primus
1169 1243 1360 1330 progenitor
1378 1262 1465 1310 com·

237 1355 346 1420 munis
365 1353 511 1420 codicum
529 1353 677 1420 omnium
696 1351 839 1418 familiae
855 1350 1015 1438 vulgaris.

281 1536 308 1602 Ι.
335 1534 413 1601 Loci
437 1535 492 1619 qui
516 1535 550 1599 in
575 1512 739 1600 codicibus
762 1531 957 1618 vulgaribus
975 1531 1227 1616 Matritensique
1246 1529 1360 1598 nostro
1382 1492 1412 1599 N
1431 1532 1467 1599 et

236 1640 556 1727 Pseudo-Appianeis
571 1641 641 1706 sine
654 1639 721 1705 ulla
735 1639 957 1726 discrepantia
971 1639 1153 1724 scripturae
1164 1638 1392 1720 inveniuntur,
1405 1640 1465 1704 aut

237 1750 310 1815 sani
327 1747 405 1815 sunt
423 1748 482 1812 aut
501 1746 674 1833 depravati
697 1767 704 1811 :
729 1747 761 1831 1)
777 1747 805 1814 si
823 1747 906 1826 sani,
924 1739 1006 1812 bene
1021 1747 1088 1830 est;
1109 1747 1146 1830 2)
1169 1746 1221 1812 sin
1245 1747 1366 1825 minus,
1390 1747 1464 1812 oum
1604 1753 1606 1758 ’

236 1855 324 1922 viam
344 1855 430 1920 inter
449 1874 471 1920 u
491 1853 524 1919 et
542 1854 561 1920 b
580 1855 693 1919 textus
711 1854 915 1934 emetiretur,
937 1853 1056 1919 vitium
1067 1843 1201 1939 irrepsit
1212 1853 1310 1937 (vid,
1327 1873 1379 1918 ex.
1395 1874 1462 1940 gn,

118 1957 122 1963 ’
163 2051 167 2058 ,
236 1982 329 2028 num.
350 1961 406 2042 59,
424 1961 479 2040 71,
501 1961 557 2042 75,
576 1961 668 2044 eto).

282 2141 324 2206 11.
350 2139 443 2206 Alias
466 2137 604 2206 eandem
622 2137 721 2204 codex
739 2139 769 2205 N
788 2158 826 2204 ac
842 2137 1154 2225 PseudoAppianus
1176 2138 1348 2206 lectionem
1370 2160 1464 2227 prae·

185 2255 187 2260 '
237 2247 327 2329 bont,
348 2245 512 2314 diversam
529 2268 549 2312 a
564 2245 716 2332 vulgata.
738 2247 820 2312 Tum
836 2245 947 2334 autem
962 2245 1001 2312 de
1014 2245 1121 2313 tribus
1136 2267 1238 2313 unum
1258 2268 1265 2312 :
1283 2247 1465 2335 autpecoat

187 2369 190 2374 “
238 2353 389 2441 vulgata,
416 2355 475 2420 aut
499 2355 614 2420 contra
644 2353 701 2419 illa
727 2355 891 2439 integram
914 2353 1059 2420 auctoris
1086 2373 1221 2426 manum
1250 2355 1373 2433 servat,
1405 2357 1465 2422 aut

237 2463 377 2547 utraque
401 2463 566 2547 scriptura
586 2462 742 2547 corrupta
763 2461 925 2527 medicum
942 2461 1058 2548 poscit.
1082 2462 1116 2546 1)
1130 2461 1165 2528 Si
1183 2462 1297 2550 peccat
1315 2462 1462 2550 vulgata,

238 2569 359 2635 interd
378 2569 412 2635 et
430 2571 454 2636 d
478 2570 631 2641 exortum
655 2569 809 2635 mendum
828 2567 1011 2655 putandum
1032 2570 1094 2636 est.
1120 2569 1157 2655 2)
1179 2570 1272 2645 Quod
1296 2569 1413 2650 contra
1435 2571 1464 2637 si

236 2695 406 2743 commune
425 2678 594 2744 invenitur
604 2677 759 2742 mendum
773 2675 875 2742 codici
889 2676 919 2742 N
937 2685 1014 2743 cu'm
1027 2675 1328 2764 Pseudo-Appiano,
1343 2678 1430 2743 inter
1445 2678 1464 2743 b

236 2785 271 2850 et
281 2805 301 2850 c
310 2783 451 2870 primum
462 2785 653 2871 apparuisse
662 2783 869 2870 perspicuum
882 2784 944 2849 est.
958 2785 993 2867 3)
1009 2771 1070 2850 Hic
1080 2804 1159 2851 vero
1173 2785 1413 2870 scripturarum
1430 2785 1466 2851 in
1553 2862 1557 2870 Ι

236 2891 483 2977 singulisramis
494 2891 861 2977 diversecorruptarum
871 2889 991 2977 duplex
1002 2891 1052 2956 est
1063 2912 1169 2977 genus
1179 2888 1460 2979 distinguendum.

203 3077 206 3084 Ι
236 2998 288 3082 3⁸)
313 2999 426 3065 Potuit
448 2998 578 3084 quidem
607 2999 655 3064 ita
682 2998 777 3083 culpa
803 3018 846 3064 ex
866 2997 965 3084 culpa
983 2999 1074 3085 gigni
1094 2999 1134 3065 ut
1156 2999 1247 3085 prior
1270 2999 1304 3064 in
1331 2998 1460 3080 trunco,

236 3105 372 3186 scilicet,
390 3103 477 3171 inter
496 3125 518 3172 a
534 3107 568 3172 et
585 3106 616 3187 d,
634 3106 795 3192 posterior
815 3106 849 3170 in
864 3107 982 3191 quovis
1000 3125 1169 3172 ramorum
1190 3105 1460 3185 contraheretur;

236 3209 299 3296 3⁵)
318 3213 420 3280 variis
443 3233 571 3299 quoquc
594 3212 708 3279 mod-is
719 3232 800 3278 sana
815 3213 924 3280 trunci
940 3213 1034 3279 lectio
1055 3213 1089 3278 in
1107 3214 1210 3279 ramis
1229 3214 1337 3299 potuit
1349 3212 1462 3300 depra-

236 3321 310 3387 vari
328 3319 386 3405 (ci.
409 3341 463 3386 ex.
482 3341 549 3407 gr.,
571 3340 664 3385 num.
685 3320 755 3404 62).
1287 3328 1289 3332 '

280 3542 436 3608 Attamen
449 3561 514 3607 non
528 3541 579 3606 est
590 3538 801 3607 infitiandum
816 3541 895 3607 satis
908 3540 1098 3626 frequenter
1112 3562 1248 3628 prorsus
1263 3542 1349 3630 apud
1360 3564 1462 3611 unum

236 3648 568 3735 Pseudo-Appianum
600 3647 774 3713 Plutarchi
799 3667 934 3714 manum
968 3649 1137 3715 servatam
1172 3669 1259 3731 esse,
1294 3650 1402 3717 codice
1433 3651 1464 3718 N

237 3756 379 3843 turpiter
401 3774 473 3822 cum
502 3755 640 3841 vulgata
664 3754 817 3834 faciente,
838 3757 886 3836 ut,
909 3776 962 3821 ex.
989 3776 1055 3841 gn,
1083 3776 1174 3822 num.
1200 3757 1244 3824 65
1262 3760 1343 3825 αὐτὸν
1369 3759 1413 3844 (Ν
1431 3760 1464 3826 et
1510 3795 1514 3803 =
1590 3759 1606 3784 ⁰

182 3931 188 3940 ,
236 3865 354 3949 culp.)
372 3863 608 3950 praecipueque
633 3883 725 3928 num.
751 3862 795 3928 56
818 3865 938 3950 ἠπείρων
967 3863 1038 3946 (a.)
1066 3884 1126 3948 pro
1154 3867 1235 3943 αὔτός
1262 3866 1295 3931 et
1321 3873 1463 3954 tropeien

236 3969 438 4064 (Pa-App).
453 3969 557 4054 Atqui
571 3971 600 4035 si
614 3969 716 4036 codex
730 3969 760 4035 N
775 3989 837 4035 non
855 3969 956 4035 semel
966 3970 1058 4036 vitiis
1071 3970 1133 4056 ipsi
1147 3991 1221 4038 cum
1233 3972 1370 4058 vulgata
1381 3993 1465 4040 com·

236 4076 403 4156 munibus,
425 4065 754 4163 aPseudo-Appiano
772 4095 851 4142 vero
875 4075 991 4141 alienis
1016 4077 1208 4162 inquinatur
1228 4079 1388 4164 -atque
1416 4079 1464 4145 ita

236 4204 307 4282 rem
321 4205 356 4250 se
370 4183 489 4251 babere
510 4183 710 4251 diximus-
727 4185 798 4272 jam
813 4184 853 4249 ad
877 4183 1015 4249 alteram
1032 4184 1118 4250 hanc
1134 4183 1276 4271 figuram
1298 4184 1460 4265 ducimur,
1594 4269 1599 4280 .

236 4312 301 4358 non
320 4292 416 4379 plane
436 4313 509 4358 cum
530 4293 639 4378 priore
657 4291 905 4358 convenientem
928 4309 935 4355 :
